@article{Michaud-Agrawal2011,
archivePrefix = {arXiv},
arxivId = {NIHMS150003},
author = {Michaud-Agrawal, Naveen and Denning, Elizabeth J. and Woolf, Thomas B. and Beckstein, Oliver},
doi = {10.1002/jcc.21787},
eprint = {NIHMS150003},
isbn = {1096-987X (Electronic)$\backslash$r0192-8651 (Linking)},
issn = {01928651},
journal = {J. Comput. Chem.},
keywords = {Python programming language,analysis,membrane systems,molecular dynamics simulations,object-oriented design,proteins,software},
number = {10},
pages = {2319--2327},
pmid = {21500218},
Title = {{MDAnalysis: A Toolkit for the Analysis of Molecular Dynamics Simulations}},
volume = {32},
year = {2011}
}

@article{AwoonorWilliams2015,
Title = "Molecular Simulation of Nonfacilitated Membrane Permeation ",
journal = "Biochimica et Biophysica Acta (BBA) - Biomembranes ",
volume = "",
number = "",
pages = " - ",
year = "2015",
note = "",
issn = "0005-2736",
doi = {http://dx.doi.org/10.1016/j.bbamem.2015.12.014},
url = {http://www.sciencedirect.com/science/article/pii/S0005273615004125},
author = {Ernest Awoonor-Williams and Christopher N. Rowley}
}

@InCollection{OrsiReview,
author ="Orsi, Mario and Essex, Jonathan W.",
Title  ="Chapter 4 Passive Permeation Across Lipid Bilayers: A Literature Review",
Booktitle  ="Molecular Simulations and Biomembranes: From Biophysics to Function",
year  ="2010",
pages  ="76--90",
publisher  ="The Royal Society of Chemistry",
isbn  ="978-0-85404-189-3",
doi  ="10.1039/9781849732154-00076",
}

@article{Kulkarni1999,
author = {A. S. Kulkarni and A. J. Hopfinger},
journal =  {Pharm. Res.},
pages = {1244--1252},
Title = {Membrane-Interaction {QSAR} Analysis: Application to the Estimation of Eye Irritation by Organic Compounds},
volume = {16},
year = {1999}
}

@article{Tseng2012,
author = {Y. J. Tseng and A. J. Hopfinger and E. X. Esposito},
journal =  JCAMD,
pages = {39--43},
Title = {The Great Descriptor Melting Pot: Mixing Descriptors for the Common Good of {QSAR} Models},
volume = {26},
year = {2012}
}

@article{Chowdhary2013,
author = {J. Chowdhary and E. Harder and P. E. M. Lopes and L. Huang and A. D. {MacKerell Jr.} and B. Roux},
journal =  JPCB,
pages = {9142--9160},
Title = {A Polarizable Force Field of Dipalmitoylphosphatidylcholine Based on the Classical Drude Model for Molecular Dynamics Simulations of Lipids},
volume = {117},
year = {2013}
}

@article{Wang2013,
author = {L.-P. Wang and T. Head-Gordon and J. W. Ponder and P. Ren and J. D. Chodera and P. K. Eastman and T. J. Martinez and V. S. Pande},
journal =  JPCB,
pages = {9956--9972},
Title = {Systematic Improvement of a Classical Molecular Model of Water},
volume = {117},
year = {2013}
}

@article{Orsi2010,
author = {M. Orsi and J. W. Essex},
journal =  SM,
pages = {3797--3808},
Title = {Permeability of Drugs and Hormones Through a Lipid Bilayer: {I}nsights from Dual-Resolution Molecular Dynamics},
volume = {6},
year = {2010}
}


@article{Wilson1996,
author = {M. A. Wilson and A. Pohorille},
journal = JACS,
pages = {6580--6587},
Title = {Mechanism of Unassisted Ion Transport Across Membrane Bilayers},
volume = {118},
year = {1996}
}


@article{Stouch2003,
author = {T. R. Stouch and J. R. Kenyon and S. R. Johnson and X.-Q. Chen and A. Doweyko and Y. Li},
journal = JCAMD,
pages = {83--92},
Title = {\textit{{I}n Silico} {ADME Tox}: Why Models Fail},
volume = {17},
year = {2003}
}

% original SMD
@article{Izrailev1997,
  author={Sergei Izrailev and Sergey Stepaniants and Manel Balsera and Yoshi Oono and Klaus Schulten},
  Title={Molecular Dynamics Study of Unbinding of the Avidin-Biotin Complex},
  journal=BJ,
  volume=72,
  pages={1568-1581},
  year=1997
}

% better SMD reference
@article{Sotomayor2007,
  author = {M. Sotomayor and K. Schulten},
  Title ={Single-Molecule Experiments in Vitro and in Silico},
  journal=SCI,
  volume={316},
  pages={1144--1148},
  year={2007}
}

@ARTICLE{Henin2010,
 author = {J. H{\'e}nin and G. Forin and C. Chipot and M. L. Klein},
 Title = {Exploring Multidimensional Free Energy Landscapes Using Time-Dependent Biases on Collective Variables},
 journal = JCTC,
 year = 2010,
 volume = 6,
 pages = {35--47}
}

@article{Tanford1979,
author = {Tanford, Charles},
doi = {10.1073/pnas.76.9.4175},
isbn = {00278424},
issn = {0027-8424},
journal = PNAS,
month = {sep},
number = {9},
pages = {4175--4176},
pmid = {16592699},
Title = {{Interfacial Free Energy and the Hydrophobic Effect.}},
url = {http://www.pubmedcentral.nih.gov/articlerender.fcgi?artid=411533{\&}tool=pmcentrez{\&}rendertype=abstract},
volume = {76},
year = {1979}
}

@book{Tanford1973,
address = {New York},
author = {Tanford, Charles},
Booktitle = {J. Chem. Educ.},
isbn = {978-0-471-84460-0},
publisher = {John Wiley {\&} Sons Inc.},
Title = {{the Hydrophobic Effect: Formation of Micelles and Biological Membranes}},
year = {1973}
}

@article{Kola2004,
author = {Kola, Ismail and Landis, John},
journal = {Nat. Rev. Drug Discov.},
keywords = {Clinical Trials as Topic,Drug Approval,Drug Design,Drug Industry,Drug Industry: economics,Drug Industry: trends,Humans,Pharmacokinetics},
month = {aug},
number = {8},
pages = {711--715},
pmid = {15286737},
publisher = {Nature Publishing Group},
Shorttitle = NATRDD,
Title = {{Can the Pharmaceutical Industry Reduce Attrition Rates?}},
url = {http://dx.doi.org/10.1038/nrd1470},
volume = {3},
year = {2004}
}

@article{Tsaioun2009,
annote = {ADME-TOX 40{\%} attrition rates},
author = {Tsaioun, Katya and Bottlaender, Michel and Mabondzo, Aloise},
doi = {10.1186/1471-2377-9-S1-S1},
file = {:Users/ctlee/Library/Application Support/Mendeley Desktop/Downloaded/Tsaioun, Bottlaender, Mabondzo - 2009 - ADDME--Avoiding Drug Development Mistakes Early central nervous system drug discovery perspectiv.pdf:pdf},
issn = {1471-2377},
journal = {BMC Neurol.},
keywords = {Biological Transport,Blood-Brain Barrier,Central Nervous System Agents,Central Nervous System Agents: pharmacokinetics,Drug Discovery,Drug Evaluation, Preclinical,Humans,Mitochondria},
month = {jan},
number = {Suppl 1},
pages = {S1},
pmid = {19534730},
Title = {{ADDME--Avoiding Drug Development Mistakes Early: Central Nervous System Drug Discovery Perspective.}},
url = {http://www.biomedcentral.com/1471-2377/9/S1/S1},
volume = {9 Suppl 1},
year = {2009}
}

@article{Kansy1998,
author = {Kansy, Manfred and Senner, Frank and Gubernator, Klaus},
doi = {10.1021/jm970530e},
isbn = {0022-2623},
issn = {00222623},
journal = JMC,
keywords = {Absorption,Adsorption,Artificial,Caco-2 Cells,Drug Evaluation,Humans,Hydrogen-Ion Concentration,Intestinal Absorption,Membranes,PAMPA,Permeability,Pharmacokinetics,Preclinical,Preclinical: methods,Spectrophotometry,Ultraviolet},
mendeley-tags = {PAMPA},
month = {mar},
number = {7},
pages = {1007--1010},
pmid = {9544199},
Title = {{Physicochemical High Throughput Screening: Parallel Artificial Membrane Permeation Assay in the Description of Passive Absorption Processes}},
url = {http://www.ncbi.nlm.nih.gov/pubmed/9544199},
volume = {41},
year = {1998}
}

@article{Avdeef2005,
author = {Avdeef, Alex},
doi = {10.1517/17425255.1.2.325},
isbn = {1742-5255},
issn = {1742-5255},
journal = {Expert Opin. Drug Metab. Toxicol.},
month = {aug},
number = {2},
pages = {325--342},
pmid = {16922646},
Title = {{the Rise of PAMPA.}},
url = {http://www.ncbi.nlm.nih.gov/pubmed/16922646},
volume = {1},
year = {2005}
}

@article{Artursson2001,
author = {Artursson, Per and Palm, Katrin and Luthman, Kristina},
doi = {10.1016/j.addr.2012.09.005},
isbn = {0169-409X},
issn = {0169409X},
journal = ADDR,
month = {dec},
number = {SUPPL.},
pages = {280--289},
pmid = {11259831},
Title = {{Caco-2 Monolayers in Experimental and Theoretical Predictions of Drug Transport}},
url = {http://www.ncbi.nlm.nih.gov/pubmed/11259831 http://linkinghub.elsevier.com/retrieve/pii/S0169409X12002657},
volume = {64},
year = {2012}
}

@article{VanBreemen2005,
author = {van Breemen, Richard B and Li, Yongmei},
doi = {10.1517/17425255.1.2.175},
isbn = {1742-5255 (Print)$\backslash$n1742-5255 (Linking)},
issn = {1742-5255},
journal = {Expert Opin. Drug Metab. Toxicol.},
month = {aug},
number = {2},
pages = {175--185},
pmid = {16922635},
Title = {{Caco-2 Cell Permeability Assays to Measure Drug Absorption.}},
url = {http://www.ncbi.nlm.nih.gov/pubmed/16922635},
volume = {1},
year = {2005}
}

@article{Hansch1972,
author = {Hansch, C},
doi = {10.3109/03602537208993906},
issn = {0360-2532},
journal = {Drug Metab. Rev.},
keywords = {QSPR,disposition,drug,drug metabolism,lipid solubility,metabolism,quantitative,solubility},
mendeley-tags = {QSPR},
pages = {1--14},
Title = {{Quantitative Relationships Between Lipophilic Character and Drug Metabolism}},
volume = {1},
year = {1972}
}

@article{Hansch1969,
author = {Hansch, Corwin},
doi = {10.1021/ar50020a002},
isbn = {0001-4842},
issn = {0001-4842},
journal = ACR,
keywords = {QSPR},
mendeley-tags = {QSPR},
pages = {232--239},
Title = {{a Quantitative Approach to Biochemical Structure-Activity Relationships}},
volume = {2},
year = {1969}
}

@article{Swift2013,
author = {Swift, Robert V and Amaro, Rommie E},
doi = {10.1111/cbdd.12074},
issn = {17470277},
journal = CBDD,
keywords = {Homogenous solubility model,Implicit solvent,Molecular dynamics,Passive membrane permeability},
month = {jan},
number = {1},
pages = {61--71},
pmid = {23066853},
Title = {{Back to the Future: Can Physical Models of Passive Membrane Permeability Help Reduce Drug Candidate Attrition and Move Us Beyond QSPR?}},
url = {http://www.ncbi.nlm.nih.gov/pubmed/23066853},
volume = {81},
year = {2013}
}

@article{Paloncyova2014,
author = {Palonc{\'{y}}ov{\'{a}}, Mark{\'{e}}ta and Fabre, Gabin and DeVane, Russell H. and Trouillas, Patrick and Berka, Karel and Otyepka, Michal},
doi = {10.1021/ct500419b},
issn = {1549-9618},
journal =JCTC,
month = {sep},
number = {9},
pages = {4143--4151},
publisher = {American Chemical Society},
Title = {{Benchmarking of Force Fields for Molecule--Membrane Interactions}},
url = {http://dx.doi.org/10.1021/ct500419b},
volume = {10},
year = {2014}
}

@article{Wang2015,
author = {Wang, Lingle and Wu, Yujie and Deng, Yuqing and Kim, Byungchan and Pierce, Levi and Krilov, Goran and Lupyan, Dmitry and Robinson, Shaughnessy and Dahlgren, Markus K and Greenwood, Jeremy and Romero, Donna L and Masse, Craig and Knight, Jennifer L and Steinbrecher, Thomas and Beuming, Thijs and Damm, Wolfgang and Harder, Ed and Sherman, Woody and Brewer, Mark and Wester, Ron and Murcko, Mark and Frye, Leah and Farid, Ramy and Lin, Teng and Mobley, David L and Jorgensen, William L and Berne, Bruce J and Friesner, Richard A and Abel, Robert},
doi = {10.1021/ja512751q},
issn = {1520-5126},
journal = JACS,
month = {feb},
pmid = {25625324},
publisher = {American Chemical Society},
Title = {{Accurate and Reliable Prediction of Relative Ligand Binding Potency in Prospective Drug Discovery by Way of a Modern Free-Energy Calculation Protocol and Force Field.}},
url = {http://dx.doi.org/10.1021/ja512751q},
year = {2015},
volume=137,
pages={2695--2703}
}

@article{Vitalini2015,
annote = {Force fields generate completely different kinetic properties. We need to parameterize to dynamics somehow},
author = {Vitalini, F. and Mey, A. S. J. S. and No{\'{e}}, F. and Keller, B. G. and Vitalini, F. and Mey, A. S. J. S. and No{\'{e}}, F. and Keller, B. G.},
doi = {10.1063/1.4909549},
issn = {0021-9606},
journal = JCP,
month = {feb},
number = {8},
pages = {084101},
publisher = {AIP Publishing},
Title = {{Dynamic Properties of Force Fields}},
url = {http://scitation.aip.org/content/aip/journal/jcp/142/8/10.1063/1.4909549},
volume = {142},
year = {2015}
}

@article{Finkelstein1968,
author = {Finkelstein, Alan and Cass, Albert},
file = {:Users/ctlee/Library/Application Support/Mendeley Desktop/Downloaded/Finkelstein, Cass - 1968 - Permeability and electrical properties of thin lipid membranes.pdf:pdf},
issn = {0022-1295},
journal = JGP,
month = {jul},
number = {1},
pages = {145--172},
pmid = {19873619},
Title = {{Permeability and Electrical Properties of Thin Lipid Membranes.}},
url = {http://www.pubmedcentral.nih.gov/articlerender.fcgi?artid=2225789{\&}tool=pmcentrez{\&}rendertype=abstract},
volume = {52},
year = {1968}
}

@article{Diamond1974,
author = {Diamond, J M and Katz, Y},
doi = {10.1007/BF01870176},
isbn = {0022-2631},
issn = {0022-2631},
journal =JMEB,
keywords = {Animals,Artificial,Binding Sites,Biological,Calorimetry,Cell Membrane,Cell Membrane: metabolism,Erythrocytes,Erythrocytes: cytology,Erythrocytes: metabolism,Gallbladder,Gallbladder: cytology,Gallbladder: metabolism,Jejunum,Jejunum: cytology,Jejunum: metabolism,Liposomes,Mathematics,Membranes,Models,Molecular Conformation,Oils,Permeability,Phosphatidylcholines,Rabbits,Rats,Solutions,Structure-Activity Relationship,Temperature,Thermodynamics,Water},
month = {jan},
number = {2},
pages = {121--154},
pmid = {4407798},
Title = {{Interpretation of Nonelectrolyte Partition Coefficients Between Dimyristoyl Lecithin and Water.}},
url = {http://www.ncbi.nlm.nih.gov/pubmed/4407798},
volume = {17},
year = {1974}
}

@article{Marrink1994,
author = {Marrink, Siewert-Jan and Berendsen, Herman J. C.},
doi = {10.1021/j100066a040},
isbn = {0022-3654},
issn = {0022-3654},
journal = JPC,
month = {apr},
number = {15},
pages = {4155--4168},
publisher = {American Chemical Society},
Title = {{Simulation of Water Transport Through a Lipid Membrane}},
url = {http://dx.doi.org/10.1021/j100066a040 http://pubs.acs.org/doi/pdf/10.1021/j100066a040$\backslash$nhttp://www.scopus.com/inward/record.url?eid=2-s2.0-33751158845{\&}partnerID=tZOtx3y1},
volume = {98},
year = {1994}
}

@article{Torrie1977,
author = {Torrie, G.M. and Valleau, J.P.},
doi = {10.1016/0021-9991(77)90121-8},
file = {:Users/ctlee/Library/Application Support/Mendeley Desktop/Downloaded/Torrie, Valleau - 1977 - Nonphysical sampling distributions in Monte Carlo free-energy estimation Umbrella sampling.pdf:pdf},
isbn = {0021-9991},
issn = {00219991},
journal = {J. Comput. Phys.},
keywords = {Umbrella sampling},
mendeley-tags = {Umbrella sampling},
month = {feb},
number = {2},
pages = {187--199},
Title = {{Nonphysical Sampling Distributions in Monte Carlo Free-Energy Estimation: Umbrella Sampling}},
url = {http://www.sciencedirect.com/science/article/pii/0021999177901218},
volume = {23},
year = {1977}
}

@article{Rodriguez-Gomez2004,
author = {Rodriguez-Gomez, David and Darve, Eric and Pohorille, Andrew},
doi = {10.1063/1.1642607},
issn = {0021-9606},
journal = {J. Chem. Phys.},
month = {feb},
number = {8},
pages = {3563--3578},
pmid = {15268518},
publisher = {AIP Publishing},
Title = {{Assessing the Efficiency of Free Energy Calculation Methods.}},
url = {http://scitation.aip.org/content/aip/journal/jcp/120/8/10.1063/1.1642607},
volume = {120},
year = {2004}
}

@article{Darve2001,
author = {Darve, Eric and Pohorille, Andrew},
doi = {10.1063/1.1410978},
issn = {00219606},
journal = {J. Chem. Phys.},
month = {nov},
number = {20},
pages = {9169},
publisher = {AIP Publishing},
Title = {{Calculating Free Energies Using Average Force}},
url = {http://scitation.aip.org/content/aip/journal/jcp/115/20/10.1063/1.1410978},
volume = {115},
year = {2001}
}

@article{Darve2008a,
author = {Darve, Eric and Rodriguez-Gomez, David and Pohorille, Andrew},
doi = {10.1063/1.2829861},
issn = {0021-9606},
journal = {J. Chem. Phys.},
keywords = {ABF,Algorithms,Chemical,Computer Simulation,Energy Transfer,Mechanical,Models,Molecular,Stress,Thermodynamics},
mendeley-tags = {ABF},
month = {apr},
number = {14},
pages = {144120},
pmid = {18412436},
publisher = {AIP Publishing},
Title = {{Adaptive Biasing Force Method for Scalar and Vector Free Energy Calculations.}},
url = {http://www.ncbi.nlm.nih.gov/pubmed/18412436 http://scitation.aip.org/content/aip/journal/jcp/128/14/10.1063/1.2829861},
volume = {128},
year = {2008}
}

@article{Wei2011,
author = {Wei, Chenyu and Pohorille, Andrew},
doi = {10.1021/jp112104r},
issn = {15206106},
journal = {J. Phys. Chem. B},
keywords = {ABF,Lipid Bilayers,Lipid Bilayers: chemistry,Molecular Dynamics Simulation,Nucleosides,Nucleosides: chemistry,Phosphatidylcholines,Phosphatidylcholines: chemistry,Ribose,Ribose: chemistry,Stereoisomerism},
mendeley-tags = {ABF},
month = {apr},
number = {13},
pages = {3681--3688},
pmid = {21405137},
publisher = {American Chemical Society},
Title = {{Permeation of Nucleosides Through Lipid Bilayers}},
url = {http://dx.doi.org/10.1021/jp112104r},
volume = {115},
year = {2011}
}

@article{Laio2002,
author = {Laio, Alessandro and Parrinello, Michele},
doi = {10.1073/pnas.202427399},
file = {:Users/ctlee/Library/Application Support/Mendeley Desktop/Downloaded/Laio, Parrinello - 2002 - Escaping free-energy minima.pdf:pdf},
issn = {0027-8424},
journal = PNAS,
keywords = {Alanine,Alanine: chemistry,Chemistry,Chemistry: methods,Models, Statistical,Normal Distribution,Sodium Chloride,Sodium Chloride: chemistry,Thermodynamics,Water,Water: chemistry},
month = {oct},
number = {20},
pages = {12562--12566},
pmid = {12271136},
Title = {{Escaping Free-Energy Minima.}},
url = {http://www.pnas.org/content/99/20/12562.short},
volume = {99},
year = {2002}
}

@article{Wang2001,
author = {Wang, Fugao and Landau, D.},
doi = {10.1103/PhysRevLett.86.2050},
issn = {0031-9007},
journal = {Phys. Rev. Lett.},
month = {mar},
number = {10},
pages = {2050--2053},
Title = {{Efficient, Multiple-Range Random Walk Algorithm to Calculate the Density of States}},
url = {http://link.aps.org/doi/10.1103/PhysRevLett.86.2050},
volume = {86},
year = {2001}
}

@article{Swendsen1986a,
author = {Swendsen, Robert H. and Wang, Jian Sheng},
doi = {10.1103/PhysRevLett.57.2607},
isbn = {1079-7114 (Electronic)$\backslash$r0031-9007 (Linking)},
issn = {00319007},
journal = {Phys. Rev. Lett.},
keywords = {Ising Model,RE,Replica Exchange},
mendeley-tags = {Ising Model,RE,Replica Exchange},
month = {nov},
number = {21},
pages = {2607--2609},
pmid = {9997156},
Title = {{Replica Monte Carlo Simulation of Spin-Glasses}},
url = {http://link.aps.org/doi/10.1103/PhysRevLett.57.2607},
volume = {57},
year = {1986}
}

@article{Xiang2006,
annote = {From Duplicate 1 (Liposomal drug transport: a molecular perspective from molecular dynamics simulations in lipid bilayers. - Xiang, Tian-Xiang; Anderson, Bradley D)

Good review of MD permeability methods.},
author = {Xiang, Tian-Xiang and Anderson, Bradley D},
doi = {10.1016/j.addr.2006.09.002},
file = {:Users/ctlee/Library/Application Support/Mendeley Desktop/Downloaded/Xiang, Anderson - 2006 - Liposomal drug transport a molecular perspective from molecular dynamics simulations in lipid bilayers.pdf:pdf},
issn = {0169-409X},
journal = {Adv. Drug Deliv. Rev.},
keywords = {Biological Transport,Chemistry,Computer Simulation,Drug Delivery Systems,Liposomes,Membrane Lipids,Membrane Lipids: chemistry,Models,Molecular,Permeability,Pharmaceutical},
month = {nov},
number = {12-13},
pages = {1357--1378},
pmid = {17092601},
Title = {{Liposomal Drug Transport: A Molecular Perspective from Molecular Dynamics Simulations in Lipid Bilayers.}},
url = {http://www.ncbi.nlm.nih.gov/pubmed/17092601 http://www.sciencedirect.com/science/article/pii/S0169409X06001682},
volume = {58},
year = {2006}
}

@article{Grossfield2002,
author = {Grossfield, Alan and Woolf, Thomas B.},
doi = {10.1021/la0106485},
issn = {0743-7463},
journal = {Langmuir},
keywords = {umbrella sampling},
mendeley-tags = {umbrella sampling},
month = {jan},
number = {1},
pages = {198--210},
publisher = {American Chemical Society},
Title = {{Interaction of Tryptophan Analogs with POPC Lipid Bilayers Investigated by Molecular Dynamics Calculations}},
url = {http://dx.doi.org/10.1021/la0106485},
volume = {18},
year = {2002}
}

@article{Ulander2003a,
annote = {Use constraint method by marrink-berendsen},
author = {Ulander, Johan and Haymet, A D J},
doi = {10.1016/S0006-3495(03)74768-7},
file = {:Users/ctlee/Library/Application Support/Mendeley Desktop/Downloaded/Ulander, Haymet - 2003 - Permeation across hydrated DPPC lipid bilayers simulation of the titrable amphiphilic drug valproic acid.pdf:pdf},
isbn = {0006-3495 (Print)$\backslash$r0006-3495 (Linking)},
issn = {0006-3495},
journal = {Biophys. J.},
keywords = {1,2-Dipalmitoylphosphatidylcholine,2-Dipalmitoylphosphatidylcholine: chemistry,Anticonvulsants,Anticonvulsants: pharmacology,Biological Transport,Biophysical Phenomena,Biophysics,Computer Simulation,Diffusion,Fatty Acids,Fatty Acids: metabolism,Hydrogen-Ion Concentration,Kinetics,Lipid Bilayers,Lipid Bilayers: chemistry,Lipid Bilayers: metabolism,Models,Protein Binding,Protein Transport,Software,Statistical,Thermodynamics,Valproic Acid,Valproic Acid: pharmacology,umbrella sampling},
month = {dec},
number = {6},
pages = {3475--3484},
pmid = {14645043},
Title = {{Permeation Across Hydrated DPPC Lipid Bilayers: Simulation of the Titrable Amphiphilic Drug Valproic Acid.}},
url = {http://www.pubmedcentral.nih.gov/articlerender.fcgi?artid=1303655{\&}tool=pmcentrez{\&}rendertype=volume = {85}},
year = {2003}
}

@article{Bemporad2004,
annote = {Use constraint method by marrink-berendsen},
author = {Bemporad, Daniele and Essex, Jonathan W. and Luttmann, Claude},
doi = {10.1021/jp035260s},
issn = {1520-6106},
journal = {J. Phys. Chem. B},
keywords = {umbrella sampling},
mendeley-tags = {umbrella sampling},
month = {apr},
number = {15},
pages = {4875--4884},
publisher = {American Chemical Society},
Title = {{Permeation of Small Molecules Through a Lipid Bilayer: A Computer Simulation Study}},
url = {http://dx.doi.org/10.1021/jp035260s},
volume = {108},
year = {2004}
}

@article{MacCallum2007,
author = {MacCallum, Justin L and Bennett, W F Drew and Tieleman, D Peter},
doi = {10.1085/jgp.200709745},
file = {:Users/ctlee/Library/Application Support/Mendeley Desktop/Downloaded/MacCallum, Bennett, Tieleman - 2007 - Partitioning of amino acid side chains into lipid bilayers results from computer simulations and c.pdf:pdf},
issn = {0022-1295},
journal = {J. Gen. Physiol.},
keywords = {Amino Acids,Amino Acids: chemistry,Amino Acids: metabolism,Animals,Computer Simulation,Cyclohexanes,Cyclohexanes: chemistry,Humans,Hydrophobic and Hydrophilic Interactions,Ion Channel Gating,Ion Channels,Ion Channels: chemistry,Lipid Bilayers,Lipid Bilayers: chemistry,Lipid Bilayers: metabolism,Membrane Lipids,Membrane Lipids: chemistry,Membrane Lipids: metabolism,Membrane Proteins,Membrane Proteins: chemistry,Membrane Proteins: metabolism,Models,Molecular,Octanols,Octanols: chemistry,Protein Conformation,Protein Transport,Solubility,Solvents,Solvents: chemistry,Thermodynamics,Water,Water: chemistry},
month = {may},
number = {5},
pages = {371--377},
pmid = {17438118},
Title = {{Partitioning of Amino Acid Side Chains into Lipid Bilayers: Results from Computer Simulations and Comparison to Experiment.}},
url = {http://jgp.rupress.org/content/129/5/371},
volume = {129},
year = {2007}
}

@article{Johansson2008,
author = {Johansson, Anna C V and Lindahl, Erik},
doi = {10.1002/prot.21629},
issn = {1097-0134},
journal = {Proteins},
keywords = {Amino Acids,Amino Acids: chemistry,Computer Simulation,Lipid Bilayers,Membrane Proteins,Models, Molecular,Motion,Solubility,Thermodynamics},
month = {mar},
number = {4},
pages = {1332--1344},
pmid = {17876818},
Title = {{Position-Resolved Free Energy of Solvation for Amino Acids in Lipid Membranes from Molecular Dynamics Simulations.}},
url = {http://www.ncbi.nlm.nih.gov/pubmed/17876818},
volume = {70},
year = {2008}
}

@article{MacCallum2008,
author = {MacCallum, Justin L and Bennett, W F Drew and Tieleman, D Peter},
doi = {10.1529/biophysj.107.112805},
file = {:Users/ctlee/Library/Application Support/Mendeley Desktop/Downloaded/MacCallum, Bennett, Tieleman - 2008 - Distribution of amino acids in a lipid bilayer from computer simulations.pdf:pdf},
issn = {1542-0086},
journal = {Biophys. J.},
keywords = {Amino Acids,Amino Acids: analysis,Amino Acids: chemistry,Computer Simulation,Cyclohexanes,Cyclohexanes: chemistry,Hydrophobic and Hydrophilic Interactions,Lipid Bilayers,Lipid Bilayers: chemistry,Models, Biological,Water,Water: chemistry},
month = {may},
number = {9},
pages = {3393--4304},
pmid = {18212019},
Title = {{Distribution of Amino Acids in a Lipid Bilayer from Computer Simulations.}},
url = {http://www.sciencedirect.com/science/article/pii/S0006349508704193},
volume = {94},
year = {2008}
}

@article{Bauer2011,
author = {Bauer, Brad A and Lucas, Timothy R and Meninger, David J and Patel, Sandeep},
doi = {10.1016/j.cplett.2011.04.052},
issn = {00092614},
journal = {Chem. Phys. Lett.},
keywords = {umbrella sampling},
mendeley-tags = {umbrella sampling},
month = {may},
number = {4-6},
pages = {289--294},
pmid = {21647243},
Title = {{Water Permeation Through DMPC Lipid Bilayers Using Polarizable Charge Equilibration Force Fields}},
url = {http://www.pubmedcentral.nih.gov/articlerender.fcgi?artid=3107520{\&}tool=pmcentrez{\&}rendertype=abstract},
volume = {508},
year = {2011}
}

@article{Tejwani2011,
author = {Tejwani, Ravindra W and Davis, Malcolm E and Anderson, Bradley D and Stouch, Terry R},
doi = {10.1002/jps.22441},
issn = {1520-6017},
journal = {J. Pharm. Sci.},
mendeley-tags = {umbrella sampling},
month = {jun},
number = {6},
pages = {2136--2146},
pmid = {21491439},
Title = {{Functional Group Dependence of Solute Partitioning to Various Locations Within a DOPC Bilayer: A Comparison of Molecular Dynamics Simulations with Experiment.}},
url = {http://www.ncbi.nlm.nih.gov/pubmed/21491439},
volume = {100},
year = {2011}
}

@article{MacCallum2011,
author = {MacCallum, Justin L and Bennett, W F Drew and Tieleman, D Peter},
doi = {10.1016/j.bpj.2011.05.038},
issn = {1542-0086},
journal = {Biophys. J.},
month = {jul},
number = {1},
pages = {110--117},
pmid = {21723820},
Title = {{Transfer of Arginine into Lipid Bilayers Is Nonadditive.}},
url = {http://www.sciencedirect.com/science/article/pii/S0006349511006084},
volume = {101},
year = {2011}
}

@article{Paloncyova2012,
author = {Palonc{\'{y}}ov{\'{a}}, Mark{\'{e}}ta and Berka, Karel and Otyepka, Michal},
doi = {10.1021/ct2009208},
issn = {15499618},
journal = {J. Chem. Theory Comput.},
month = {apr},
number = {4},
pages = {1200--1211},
pmid = {22545027},
publisher = {American Chemical Society},
Title = {{Convergence of Free Energy Profile of Coumarin in Lipid Bilayer}},
url = {http://dx.doi.org/10.1021/ct2009208},
volume = {8},
year = {2012}
}

@article{Riahi2014,
author = {Riahi, Saleh and Rowley, Christopher N},
doi = {10.1021/ja508063s},
issn = {1520-5126},
journal = {J. Am. Chem. Soc.},
month = {oct},
pmid = {25323018},
publisher = {American Chemical Society},
Title = {{Why Can Hydrogen Sulfide Permeate Cell Membranes?}},
url = {http://dx.doi.org/10.1021/ja508063s},
year = {2014},
volume = 136,
pages = {15111--15113}
}

@article{Carpenter2014,
author = {Carpenter, Timothy S and Kirshner, Daniel A and Lau, Edmond Y and Wong, Sergio E and Nilmeier, Jerome P and Lightstone, Felice C},
doi = {10.1016/j.bpj.2014.06.024},
issn = {15420086},
journal = {Biophys. J.},
keywords = {umbrella sampling},
mendeley-tags = {umbrella sampling},
month = {aug},
number = {3},
pages = {630--641},
pmid = {25099802},
Title = {{a Method to Predict Blood-Brain Barrier Permeability of Drug-like Compounds Using Molecular Dynamics Simulations}},
url = {http://www.ncbi.nlm.nih.gov/pubmed/25099802},
volume = {107},
year = {2014}
}

@article{Issack2015,
author = {Issack, Bilkiss B and Peslherbe, Gilles Herve},
doi = {10.1021/jp510497r},
issn = {1520-6106},
journal = {J. Phys. Chem. B},
month = {mar},
pmid = {25679811},
publisher = {American Chemical Society},
Title = {{Effects of Cholesterol on the Thermodynamics and Kinetics of Passive Transport of Water Through Lipid Membranes}},
url = {http://dx.doi.org/10.1021/jp510497r http://pubs.acs.org/doi/abs/10.1021/jp510497r},
year = {2015},
volume = 119,
pages = {9391--9400}
}

@article{Bemporad2005,
author = {Bemporad, D and Luttmann, C and Essex, J W},
doi = {10.1016/j.bbamem.2005.07.009},
file = {:Users/ctlee/Library/Application Support/Mendeley Desktop/Downloaded/Bemporad, Luttmann, Essex - 2005 - Behaviour of small solutes and large drugs in a lipid bilayer from computer simulations.pdf:pdf},
isbn = {0005-2736},
issn = {00052736},
journal = {Biochim. Biophys. Acta - Biomembr.},
keywords = {??-blockers,ABF,Constraint,DPPC membrane,Molecular dynamics simulation,Permeability},
mendeley-tags = {ABF},
month = {dec},
number = {1-2},
pages = {1--21},
pmid = {16321606},
Title = {{Behaviour of Small Solutes and Large Drugs in a Lipid Bilayer from Computer Simulations}},
url = {http://www.sciencedirect.com/science/article/pii/S0005273605002129},
volume = {1718},
year = {2005}
}

@article{Comer2014a,
author = {Comer, Jeffrey and Schulten, Klaus and Chipot, Christophe},
doi = {10.1021/ct400925s},
issn = {15499618},
journal = {J. Chem. Theory Comput.},
keywords = {ABF},
mendeley-tags = {ABF},
month = {feb},
number = {2},
pages = {554--564},
publisher = {American Chemical Society},
Title = {{Calculation of Lipid-Bilayer Permeabilities Using an Average Force}},
url = {http://dx.doi.org/10.1021/ct400925s},
volume = {10},
year = {2014}
}

@article{Ghaemi2012,
author = {Ghaemi, Zhaleh and Minozzi, Manuela and Carloni, Paolo and Laio, Alessandro},
doi = {10.1021/jp301083h},
issn = {1520-5207},
journal = {J. Phys. Chem. B},
month = {jul},
number = {29},
pages = {8714--8721},
pmid = {22540377},
publisher = {American Chemical Society},
Title = {{a Novel Approach to the Investigation of Passive Molecular Permeation Through Lipid Bilayers from Atomistic Simulations.}},
url = {http://dx.doi.org/10.1021/jp301083h},
volume = {116},
year = {2012}
}

@article{Parisio2013,
author = {Parisio, Giulia and Stocchero, Matteo and Ferrarini, Alberta},
doi = {10.1021/ct400690t},
issn = {1549-9618},
journal = {J. Chem. Theory Comput.},
month = {nov},
publisher = {American Chemical Society},
Title = {{Passive Membrane Permeability: Beyond the Standard Solubility-Diffusion Model}},
url = {http://pubs.acs.org/doi/abs/10.1021/ct400690t},
year = {2013},
volume = 9,
pages = {5236--5246}
}

@article{Kirmizialtin2011,
author = {Kirmizialtin, Serdal and Elber, Ron},
doi = {10.1021/jp111093c},
file = {:Users/ctlee/Library/Application Support/Mendeley Desktop/Downloaded/Kirmizialtin, Elber - 2011 - Revisiting and computing reaction coordinates with directional milestoning.pdf:pdf},
issn = {10895639},
journal = {J. Phys. Chem. A},
keywords = {Algorithms,Molecular Dynamics Simulation},
month = {jun},
number = {23},
pages = {6137--6148},
pmid = {21500798},
publisher = {American Chemical Society},
Title = {{Revisiting and Computing Reaction Coordinates with Directional Milestoning}},
url = {http://dx.doi.org/10.1021/jp111093c},
volume = {115},
year = {2011}
}

@article{Vanden-Eijnden2008,
author = {Vanden-Eijnden, Eric and Venturoli, Maddalena and Ciccotti, Giovanni and Elber, Ron},
doi = {10.1063/1.2996509},
file = {:Users/ctlee/Library/Application Support/Mendeley Desktop/Downloaded/Vanden-Eijnden et al. - 2008 - On the assumptions underlying milestoning.pdf:pdf},
issn = {1089-7690},
journal = {J. Chem. Phys.},
keywords = {Kinetics,Models, Chemical,Reproducibility of Results,Surface Properties,Time Factors},
month = {nov},
number = {17},
pages = {174102},
pmid = {19045328},
Title = {{on the Assumptions Underlying Milestoning.}},
url = {http://www.pubmedcentral.nih.gov/articlerender.fcgi?artid=2646510{\&}tool=pmcentrez{\&}rendertype=abstract},
volume = {129},
year = {2008}
}

@article{Majek2010,
author = {M{\'{a}}jek, Peter and Elber, Ron},
doi = {10.1021/ct100114j},
issn = {1549-9618},
journal = {J. Chem. Theory Comput.},
month = {jan},
number = {6},
pages = {1805--1817},
pmid = {20596240},
publisher = {American Chemical Society},
Title = {{Milestoning Without a Reaction Coordinate.}},
url = {http://dx.doi.org/10.1021/ct100114j},
volume = {6},
year = {2010}
}

@article{Bello-Rivas2015,
author = {Bello-Rivas, Juan M. and Elber, Ron},
doi = {10.1063/1.4913399},
issn = {0021-9606},
journal = {J. Chem. Phys.},
month = {mar},
number = {9},
pages = {094102},
publisher = {AIP Publishing},
Title = {{Exact Milestoning}},
url = {http://scitation.aip.org/content/aip/journal/jcp/142/9/10.1063/1.4913399},
volume = {142},
year = {2015}
}

@article{Cardenas2012,
author = {A. E. Cardenas and G. S. Jas and K. Y. DeLeon and W. A. Hegefeld and K. Kuczera and R. Elber},
journal = JPCB,
pages = {2739--2750},
pmid = {22313494},
Title = {Unassisted Transport of $N$-{A}cetyl-{L}-Tryptophanamide Through Membrane: Experiment and Simulation of Kinetics},
volume = {116},
year = {2012}
}

@article{Cardenas2014,
author = {Cardenas, Alfredo E and Elber, Ron},
doi = {10.1063/1.4891305},
isbn = {doi:10.1063/1.4891305},
issn = {0021-9606},
journal = {J. Chem. Phys.},
keywords = {milestoning},
mendeley-tags = {milestoning},
month = {aug},
number = {5},
pages = {054101},
pmid = {25106564},
publisher = {AIP Publishing},
Title = {{Modeling Kinetics and Equilibrium of Membranes with Fields: Milestoning Analysis and Implication to Permeation}},
url = {http://scitation.aip.org/content/aip/journal/jcp/141/5/10.1063/1.4891305},
volume = {141},
year = {2014}
}

@article{Neale2011,
author = {Neale, Chris and Bennett, W. F. Drew and Tieleman, D. Peter and Pom{\`{e}}s, R{\'{e}}gis},
doi = {10.1021/ct200316w},
issn = {1549-9618},
journal = {J. Chem. Theory Comput.},
month = {dec},
number = {12},
pages = {4175--4188},
publisher = {American Chemical Society},
Title = {{Statistical Convergence of Equilibrium Properties in Simulations of Molecular Solutes Embedded in Lipid Bilayers}},
url = {http://dx.doi.org/10.1021/ct200316w},
volume = {7},
year = {2011}
}

@article{Neale2014,
author = {Neale, Chris and Hsu, Jenny C Y and Yip, Christopher M and Pom{\`{e}}s, R{\'{e}}gis},
doi = {10.1016/j.bpj.2014.02.031},
issn = {1542-0086},
journal = {Biophys. J.},
month = {apr},
number = {8},
pages = {L29--L31},
pmid = {24739184},
Title = {{Indolicidin Binding Induces Thinning of a Lipid Bilayer.}},
url = {http://www.ncbi.nlm.nih.gov/pubmed/24739184},
volume = {106},
year = {2014}
}

@article{Bochicchio2015,
author = {Bochicchio, Davide and Panizon, Emanuele and Ferrando, Riccardo and Monticelli, Luca and Rossi, Giulia},
doi = {10.1063/1.4932159},
issn = {0021-9606},
journal = {J. Chem. Phys.},
month = {oct},
number = {14},
pages = {144108},
publisher = {AIP Publishing},
Title = {{Calculating the Free Energy of Transfer of Small Solutes into a Model Lipid Membrane: Comparison Between Metadynamics and Umbrella Sampling}},
url = {http://scitation.aip.org/content/aip/journal/jcp/143/14/10.1063/1.4932159},
volume = {143},
year = {2015}
}

@article{Walter1984,
author = {Walter, Anne and Gutknecht, John},
doi = {10.1007/BF01870573},
issn = {0022-2631},
journal = {J. Membr. Biol.},
month = {oct},
number = {3},
pages = {255--264},
Title = {{Monocarboxylic Acid Permeation Through Lipid Bilayer Membranes}},
url = {http://link.springer.com/10.1007/BF01870573},
volume = {77},
year = {1984}
}

@article{Gallucci1971,
author = {Gallucci, E. and Micelli, S. and Lippe, C.},
doi = {10.3109/13813457109104847},
issn = {0003-9799},
journal = {Arch. Int. Physiol. Biochim.},
month = {jan},
number = {5},
pages = {881--887},
Title = {{Non-Electrolyte Permeability Across Thin Lipid Membranes}},
url = {http://www.tandfonline.com/doi/full/10.3109/13813457109104847},
volume = {79},
year = {1971}
}

@article{Orbach1980,
author = {Orbach, E and Finkelstein, A},
issn = {0022-1295},
journal = {J. Gen. Physiol.},
month = {apr},
number = {4},
pages = {427--436},
pmid = {7381427},
Title = {{the Nonelectrolyte Permeability of Planar Lipid Bilayer Membranes.}},
url = {http://www.ncbi.nlm.nih.gov/pubmed/7381427 http://www.pubmedcentral.nih.gov/articlerender.fcgi?artid=PMC2215750},
volume = {75},
year = {1980}
}

@article{Marrink1996,
author = {Marrink, Siewert J. SJ and Berendsen, HJC Herman J. C.},
doi = {10.1021/jp952956f},
isbn = {0022-3654},
issn = {0022-3654},
journal = {J. Phys. Chem.},
month = {jan},
number = {1959},
pages = {16729--16738},
publisher = {American Chemical Society},
Title = {{Permeation Process of Small Molecules Across Lipid Membranes Studied by Molecular Dynamics Simulations}},
url = {http://pubs.acs.org/doi/abs/10.1021/jp952956f http://dx.doi.org/10.1021/jp952956f},
volume = {3654},
year = {1996}
}

@article{Holland2012,
author = {Holland, Bryan W. and Gray, Chris G. and Tomberli, Bruno},
doi = {10.1103/PhysRevE.86.036707},
issn = {1539-3755},
journal = {Phys. Rev. E},
month = {sep},
number = {3},
pages = {036707},
Title = {{Calculating Diffusion and Permeability Coefficients with the Oscillating Forward-Reverse Method}},
url = {http://link.aps.org/doi/10.1103/PhysRevE.86.036707},
volume = {86},
year = {2012}
}

@article{Mamonov2006,
author = {Mamonov, Artem B. and Kurnikova, Maria G. and Coalson, Rob D.},
doi = {10.1016/j.bpc.2006.03.019},
issn = {03014622},
journal = {Biophys. Chem.},
month = {dec},
number = {3},
pages = {268--278},
pmid = {16797116},
Title = {{Diffusion Constant of K+ Inside Gramicidin A: A Comparative Study of Four Computational Methods}},
url = {http://www.pubmedcentral.nih.gov/articlerender.fcgi?artid=2266632{\&}tool=pmcentrez{\&}rendertype=abstract},
volume = {124},
year = {2006}
}

@article{Wilson1985,
author = {Wilson, Michael A. and Pohorille, Andrew and Pratt, Lawrence R.},
doi = {10.1063/1.449663},
issn = {00219606},
journal = {J. Chem. Phys.},
month = {dec},
number = {11},
pages = {5832},
publisher = {AIP Publishing},
Title = {{Molecular Dynamics Test of the Brownian Description of Na+ Motion in Water}},
url = {http://scitation.aip.org/content/aip/journal/jcp/83/11/10.1063/1.449663},
volume = {83},
year = {1985}
}

@article{Berne1988,
author = {Berne, Bruce J. and Borkovec, Michal and Straub, John E.},
doi = {10.1021/j100324a007},
issn = {0022-3654},
journal = {J. Phys. Chem.},
month = {jun},
number = {13},
pages = {3711--3725},
Title = {{Classical and Modern Methods in Reaction Rate Theory}},
url = {http://pubs.acs.org/doi/abs/10.1021/j100324a007},
volume = {92},
year = {1988}
}

@article{Woolf1994,
annote = {Derivation of the velocity autocorrelation function relating to diffusivity found here. It was later extended by Hummer.},
author = {Woolf, Thomas B. and Roux, Benoit},
doi = {10.1021/ja00092a048},
issn = {0002-7863},
journal = {J. Am. Chem. Soc.},
keywords = {Diffusivity,Memory Kernel},
mendeley-tags = {Diffusivity,Memory Kernel},
month = {jun},
number = {13},
pages = {5916--5926},
publisher = {American Chemical Society},
Title = {{Conformational Flexibility of O-Phosphorylcholine and O-Phosphorylethanolamine: A Molecular Dynamics Study of Solvation Effects}},
url = {http://dx.doi.org/10.1021/ja00092a048},
volume = {116},
year = {1994}
}

@article{Hummer2005,
author = {Hummer, Gerhard},
doi = {10.1088/1367-2630/7/1/034},
isbn = {1367-2630},
issn = {13672630},
journal = {New J. Phys.},
month = {feb},
pages = {34--34},
pmid = {226678500003},
Title = {{Position-Dependent Diffusion Coefficients and Free Energies from Bayesian Analysis of Equilibrium and Replica Molecular Dynamics Simulations}},
url = {http://stacks.iop.org/1367-2630/7/i=1/a=034?key=crossref.e1c728f07773a70730fc6b9bedef5646},
volume = {7},
year = {2005}
}

@book{Allen1989,
author = {Allen, M. P. and Tildesley, D. J.},
isbn = {0198556454},
pages = {385},
publisher = {Clarendon Press},
Title = {{Computer Simulation of Liquids}},
url = {https://books.google.com/books?id=O32VXB9e5P4C{\&}pgis=1},
year = {1989}
}

@article{Phillips2005,
  author = {J. C.~Phillips and R. Braun and W. Wang and J. Gumbart and E. Tajkhorshid and E. Villa and C. Chipot and R. D.~Skeel and L. Kale and K. Schulten},
 Title ={Scalable Molecular Dynamics with {NAMD}},
 journal=JCC,
  volume={26},
  pages={1781--1802},
  year={2005}
}

@book{Tuckerman2010,
author = {Tuckerman, Mark},
isbn = {0191523461},
pages = {720},
publisher = {OUP Oxford},
address = {Oxford},
Title = {{Statistical Mechanics: Theory and Molecular Simulation}},
url = {https://books.google.com/books?id=Lo3Jqc0pgrcC{\&}pgis=1},
year = {2010}
}

@article{Hub2010,
author = {Hub, Jochen S. and de Groot, Bert L. and van der Spoel, David},
doi = {10.1021/ct100494z},
issn = {1549-9618},
journal = {J. Chem. Theory Comput.},
month = {dec},
number = {12},
pages = {3713--3720},
publisher = {American Chemical Society},
Title = {{g{\_}wham -- a Free Weighted Histogram Analysis Implementation Including Robust Error and Autocorrelation Estimates}},
url = {http://dx.doi.org/10.1021/ct100494z},
volume = {6},
year = {2010}
}

@article{Neale2013,
author = {Neale, Chris and Madill, Chris and Rauscher, Sarah and Pom{\`{e}}s, R{\'{e}}gis},
doi = {10.1021/ct301005b},
issn = {1549-9618},
journal = {J. Chem. Theory Comput.},
month = {aug},
number = {8},
pages = {3686--3703},
Title = {{Accelerating Convergence in Molecular Dynamics Simulations of Solutes in Lipid Membranes by Conducting a Random Walk Along the Bilayer Normal}},
url = {http://pubs.acs.org/doi/abs/10.1021/ct301005b},
volume = {9},
year = {2013}
}

@article{Turkcan2012,
author = {T{\"{u}}rkcan, Silvan and Alexandrou, Antigoni and Masson, Jean-Baptiste},
doi = {10.1016/j.bpj.2012.01.063},
issn = {1542-0086},
journal = {Biophys. J.},
keywords = {Bacterial Toxins,Bacterial Toxins: metabolism,Bayes Theorem,Biological,Cell Surface,Cell Surface: chemistry,Diffusion,Models,Motion,Receptors,Thermodynamics,Time Factors},
month = {may},
number = {10},
pages = {2288--2298},
pmid = {22677382},
Title = {{a Bayesian Inference Scheme to Extract Diffusivity and Potential Fields from Confined Single-Molecule Trajectories.}},
url = {http://www.pubmedcentral.nih.gov/articlerender.fcgi?artid=3353014{\&}tool=pmcentrez{\&}rendertype=abstract},
volume = {102},
year = {2012}
}

@article{Comer2013,
author = {Comer, Jeffrey and Chipot, Christophe and Gonz{\'{a}}lez-Nilo, Fernando D.},
doi = {10.1021/ct300867e},
issn = {1549-9618},
journal = {J. Chem. Theory Comput.},
month = {feb},
number = {2},
pages = {876--882},
Title = {{Calculating Position-Dependent Diffusivity in Biased Molecular Dynamics Simulations}},
url = {http://pubs.acs.org/doi/abs/10.1021/ct300867e},
volume = {9},
year = {2013}
}

@article{Dorairaj2007,
author = {Dorairaj, S. and Allen, T. W.},
doi = {10.1073/pnas.0610470104},
issn = {0027-8424},
journal = {Proc. Natl. Acad. Sci. USA},
month = {mar},
number = {12},
pages = {4943--4948},
Title = {{on the Thermodynamic Stability of a Charged Arginine Side Chain in a Transmembrane Helix}},
url = {http://www.pnas.org/cgi/doi/10.1073/pnas.0610470104},
volume = {104},
year = {2007}
}

@article{Comer2014,
author = {Comer, Jeffrey and Schulten, Klaus and Chipot, Christophe},
doi = {10.1021/ct500209j},
issn = {1549-9618},
journal = {J. Chem. Theory Comput.},
month = {jul},
number = {7},
pages = {2710--2718},
publisher = {American Chemical Society},
Title = {{Diffusive Models of Membrane Permeation with Explicit Orientational Freedom}},
url = {http://dx.doi.org/10.1021/ct500209j},
volume = {10},
year = {2014}
}

@article{Wu2014a,
author = {Wu, Emilia L and Cheng, Xi and Jo, Sunhwan and Rui, Huan and Song, Kevin C and D{\'{a}}vila-Contreras, Eder M and Qi, Yifei and Lee, Jumin and Monje-Galvan, Viviana and Venable, Richard M and Klauda, Jeffery B and Im, Wonpil},
doi = {10.1002/jcc.23702},
isbn = {0192-8651},
issn = {01928651},
journal = {J. Comput. Chem.},
keywords = {Cardiolipin,Lipid penetration detection,Phosphoinositides,Sphingolipids},
month = {oct},
number = {27},
pages = {1997--2004},
pmid = {25130509},
Title = {{CHARMM-GUI Membrane Builder Toward Realistic Biological Membrane Simulations}},
url = {http://www.ncbi.nlm.nih.gov/pubmed/25130509},
volume = {35},
year = {2014}
}

@article{Hu2013,
author = {Hu, Yuan and Ou, Shuching and Patel, Sandeep},
doi = {10.1021/jp404829y},
issn = {15206106},
journal = {J. Phys. Chem. B},
keywords = {Bilayer Size,free energy},
mendeley-tags = {Bilayer Size,free energy},
month = {oct},
number = {39},
pages = {11641--11653},
pmid = {23888915},
publisher = {American Chemical Society},
Title = {{Free Energetics of Arginine Permeation into Model DMPC Lipid Bilayers: Coupling of Effective Counterion Concentration and Lateral Bilayer Dimensions}},
url = {http://dx.doi.org/10.1021/jp404829y},
volume = {117},
year = {2013}
}

@article{Jorgensen1983,
author = {Jorgensen, William L. and Chandrasekhar, Jayaraman and Madura, Jeffry D. and Impey, Roger W. and Klein, Michael L.},
doi = {10.1063/1.445869},
issn = {00219606},
journal = {J. Chem. Phys.},
month = {jul},
number = {2},
pages = {926},
publisher = {AIP Publishing},
Title = {{Comparison of Simple Potential Functions for Simulating Liquid Water}},
url = {http://scitation.aip.org/content/aip/journal/jcp/79/2/10.1063/1.445869},
volume = {79},
year = {1983}
}

@article{Klauda2010,
author = {Klauda, Jeffery B and Venable, Richard M and Freites, J Alfredo and O'Connor, Joseph W and Tobias, Douglas J and Mondragon-Ramirez, Carlos and Vorobyov, Igor and MacKerell, Alexander D and Pastor, Richard W},
doi = {10.1021/jp101759q},
file = {:Users/ctlee/Library/Application Support/Mendeley Desktop/Downloaded/Klauda et al. - 2010 - Update of the CHARMM all-atom additive force field for lipids validation on six lipid types.pdf:pdf},
isbn = {1520-5207 (Electronic)$\backslash$n1520-5207 (Linking)},
issn = {15206106},
journal = {J. Phys. Chem. B},
keywords = {1,2-Dipalmitoylphosphatidylcholine,2-Dipalmitoylphosphatidylcholine: chemistry,CHARMM,CHARMM36,Dimyristoylphosphatidylcholine,Dimyristoylphosphatidylcholine: chemistry,Lipid Bilayers,Lipid Bilayers: chemistry,Lipids,Lipids: chemistry,Molecular Dynamics Simulation,Phosphatidylcholines,Phosphatidylcholines: chemistry,Phosphatidylethanolamines,Phosphatidylethanolamines: chemistry,Quantum Theory,Thermodynamics,X-Ray Diffraction,force field,lipids},
mendeley-tags = {CHARMM,CHARMM36,force field,lipids},
month = {jun},
number = {23},
pages = {7830--7843},
pmid = {20496934},
publisher = {American Chemical Society},
Title = {{Update of the CHARMM All-Atom Additive Force Field for Lipids: Validation on Six Lipid Types}},
url = {http://www.pubmedcentral.nih.gov/articlerender.fcgi?artid=2922408{\&}tool=pmcentrez{\&}rendertype=volume = {114}},
year = {2010}
}

@article{Vanommeslaeghe2010,
author = {Vanommeslaeghe, K and Hatcher, E and Acharya, C and Kundu, S and Zhong, S and Shim, J and Darian, E and Guvench, O and Lopes, P and Vorobyov, I and Mackerell, A D},
doi = {10.1002/jcc.21367},
file = {:Users/ctlee/Library/Application Support/Mendeley Desktop/Downloaded/Vanommeslaeghe et al. - 2010 - CHARMM general force field A force field for drug-like molecules compatible with the CHARMM all-atom addi.pdf:pdf},
issn = {1096-987X},
journal = {J. Comput. Chem.},
keywords = {Computer Simulation,Models, Chemical,Models, Molecular,Molecular Dynamics Simulation,Pyrrolidines,Pyrrolidines: chemistry,Quantum Theory,Software},
month = {mar},
number = {4},
pages = {671--690},
pmid = {19575467},
Title = {{CHARMM General Force Field: A Force Field for Drug-like Molecules Compatible with the CHARMM All-Atom Additive Biological Force Fields.}},
url = {http://www.pubmedcentral.nih.gov/articlerender.fcgi?artid=2888302{\&}tool=pmcentrez{\&}rendertype=abstract},
volume = {31},
year = {2010}
}

@article{Vanommeslaeghe2012,
author = {Vanommeslaeghe, K. and Raman, E. Prabhu and MacKerell, A. D.},
doi = {10.1021/ci3003649},
issn = {1549-9596},
journal = {J. Chem. Inf. Model.},
month = {dec},
number = {12},
pages = {3155--3168},
Title = {{Automation of the CHARMM General Force Field (CGenFF) II: Assignment of Bonded Parameters and Partial Atomic Charges}},
url = {http://pubs.acs.org/doi/abs/10.1021/ci3003649},
volume = {52},
year = {2012}
}

@article{Vanommeslaeghe2012b,
author = {Vanommeslaeghe, K. and MacKerell, A. D.},
doi = {10.1021/ci300363c},
issn = {1549-9596},
journal = {J. Chem. Inf. Model.},
month = {dec},
number = {12},
pages = {3144--3154},
Title = {{Automation of the CHARMM General Force Field (CGenFF) I: Bond Perception and Atom Typing}},
url = {http://pubs.acs.org/doi/abs/10.1021/ci300363c},
volume = {52},
year = {2012}
}

@article{Koopman2006,
author = {Koopman, E A and Lowe, C P},
doi = {10.1063/1.2198824},
issn = {00219606},
journal = {J. Chem. Phys.},
month = {may},
number = {20},
pages = {204103},
pmid = {16774315},
Title = {{Advantages of a Lowe-Andersen Thermostat in Molecular Dynamics Simulations}},
url = {http://www.ncbi.nlm.nih.gov/pubmed/16774315},
volume = {124},
year = {2006}
}

@article{Lowe1999,
author = {Lowe, C. P},
doi = {10.1209/epl/i1999-00365-x},
issn = {0295-5075},
journal = {Europhys. Lett.},
keywords = {lowe-andersen,thermostat},
mendeley-tags = {lowe-andersen,thermostat},
month = {jul},
number = {2},
pages = {145--151},
Title = {{an Alternative Approach to Dissipative Particle Dynamics}},
url = {http://stacks.iop.org/0295-5075/47/i=2/a=145},
volume = {47},
year = {1999}
}

@article{Feller1995,
author = {Feller, Scott E. and Zhang, Yuhong and Pastor, Richard W. and Brooks, Bernard R.},
doi = {10.1063/1.470648},
issn = {00219606},
journal = {J. Chem. Phys.},
keywords = {Langevin Barostat},
mendeley-tags = {Langevin Barostat},
month = {sep},
number = {11},
pages = {4613},
publisher = {AIP Publishing},
Title = {{Constant Pressure Molecular Dynamics Simulation: The Langevin Piston Method}},
url = {http://scitation.aip.org/content/aip/journal/jcp/103/11/10.1063/1.470648},
volume = {103},
year = {1995}
}

@article{Miyamoto1992,
author = {Miyamoto, Shuichi and Kollman, Peter A.},
doi = {10.1002/jcc.540130805},
issn = {0192-8651},
journal = {J. Comput. Chem.},
month = {oct},
number = {8},
pages = {952--962},
Title = {{Settle: An Analytical Version of the SHAKE and RATTLE Algorithm for Rigid Water Models}},
url = {http://doi.wiley.com/10.1002/jcc.540130805},
volume = {13},
year = {1992}
}

@article{Darden1993,
author = {Darden, Tom and York, Darrin and Pedersen, Lee},
doi = {10.1063/1.464397},
issn = {00219606},
journal = {J. Chem. Phys.},
month = {jun},
number = {12},
pages = {10089},
publisher = {AIP Publishing},
Title = {{Particle Mesh Ewald: An N$\cdot$log(N) Method for Ewald Sums in Large Systems}},
url = {http://scitation.aip.org/content/aip/journal/jcp/98/12/10.1063/1.464397},
volume = {98},
year = {1993}
}

@article{Kumar1992,
author = {Kumar, Shankar and Rosenberg, John M. and Bouzida, Djamal and Swendsen, Robert H. and Kollman, Peter A.},
doi = {10.1002/jcc.540130812},
issn = {0192-8651},
journal = {J. Comput. Chem.},
keywords = {WHAM},
mendeley-tags = {WHAM},
month = {oct},
number = {8},
pages = {1011--1021},
Title = {{the Weighted Histogram Analysis Method for Free-Energy Calculations on Biomolecules. I. the Method}},
url = {http://doi.wiley.com/10.1002/jcc.540130812},
volume = {13},
year = {1992}
}

@article{Tan2012,
author = {Tan, Zhiqiang and Gallicchio, Emilio and Lapelosa, Mauro and Levy, Ronald M},
doi = {10.1063/1.3701175},
issn = {00219606},
journal = {J. Chem. Phys.},
keywords = {Ligands,Likelihood Functions,Models,Molecular,Protein Binding,Proteins,Proteins: metabolism,Thermodynamics},
month = {apr},
number = {14},
pages = {144102},
pmid = {22502496},
publisher = {AIP Publishing},
Title = {{Theory of Binless Multi-State Free Energy Estimation with Applications to Protein-Ligand Binding}},
url = {http://scitation.aip.org/content/aip/journal/jcp/136/14/10.1063/1.3701175},
volume = {136},
year = {2012}
}

@article{Chodera2007,
author = {Chodera, John D. and Swope, William C. and Pitera, Jed W. and Seok, Chaok and Dill, Ken A.},
doi = {10.1021/ct0502864},
issn = {1549-9618},
journal = {J. Chem. Theory Comput.},
month = {jan},
number = {1},
pages = {26--41},
publisher = {American Chemical Society},
Title = {{Use of the Weighted Histogram Analysis Method for the Analysis of Simulated and Parallel Tempering Simulations}},
url = {http://dx.doi.org/10.1021/ct0502864},
volume = {3},
year = {2007}
}

@article{Sugita1999,
author = {Sugita, Yuji and Okamoto, Yuko},
doi = {10.1016/S0009-2614(99)01123-9},
issn = {00092614},
journal = {Chem. Phys. Lett.},
month = {nov},
number = {1-2},
pages = {141--151},
Title = {{Replica-Exchange Molecular Dynamics Method for Protein Folding}},
url = {http://linkinghub.elsevier.com/retrieve/pii/S0009261499011239},
volume = {314},
year = {1999}
}

@article{Minoukadeh2010,
author = {Minoukadeh, K. and Chipot, C. and Lelièvre, T.},
doi = {10.1021/ct900524t},
issn = {1549-9618},
journal = {J. Chem. Theory Comput.},
month = {apr},
number = {4},
pages = {1008--1017},
publisher = {American Chemical Society},
Title = {{Potential of Mean Force Calculations: A Multiple-Walker Adaptive Biasing Force Approach}},
url = {http://dx.doi.org/10.1021/ct900524t},
volume = {6},
year = {2010}
}

@article{Comer2014c,
author = {Comer, Jeffrey and Phillips, James Christopher and Schulten, Klaus and Chipot, Christophe},
doi = {10.1021/ct500874p},
issn = {1549-9618},
journal = {J. Chem. Theory Comput.},
month = {nov},
pages = {5276--5285},
publisher = {American Chemical Society},
Title = {{Multiple-Replica Strategies for Free-Energy Calculations in NAMD: Multiple-Walker Adaptive Biasing Force and Walker Selection Rules}},
url = {http://dx.doi.org/10.1021/ct500874p},
volume = 10,
year = {2014}
}

