%% This BibTeX bibliography file was created using BibDesk.
%% http://bibdesk.sourceforge.net/
%% Saved with string encoding Unicode (UTF-8) 

@article{Noe2013a,
author = {Noé,Frank  and Wu,Hao  and Prinz,Jan-Hendrik  and Plattner,Nuria },
title = {{Projected and hidden Markov models for calculating kinetics and metastable states of complex molecules}},
journal = {The Journal of Chemical Physics},
volume = {139},
number = {18},
pages = {184114},
year = {2013},
doi = {10.1063/1.4828816},
}



@article{Noe2013,
author = {Noé, F. and Nüske, F.},
title = {{A Variational Approach to Modeling Slow Processes in Stochastic Dynamical Systems}},
journal = {Multiscale Modeling \& Simulation},
volume = {11},
number = {2},
pages = {635-655},
year = {2013},
doi = {10.1137/110858616},
}

@article{Schutte1999,
title = "A Direct Approach to Conformational Dynamics Based on Hybrid Monte Carlo",
journal = "Journal of Computational Physics",
volume = "151",
number = "1",
pages = "146 - 168",
year = "1999",
issn = "0021-9991",
doi = "https://doi.org/10.1006/jcph.1999.6231",
url = "http://www.sciencedirect.com/science/article/pii/S0021999199962319",
author = "Ch SchÃŒtte and A Fischer and W Huisinga and P Deuflhard",
}

@article{Noe2007,
author = {Noé, Frank  and Horenko, Illia  and Schütte, Christof  and Smith, Jeremy C. },
title = {{Hierarchical analysis of conformational dynamics in biomolecules: Transition networks of metastable states}},
journal = {The Journal of Chemical Physics},
volume = {126},
number = {15},
pages = {155102},
year = {2007},
doi = {10.1063/1.2714539},
}

@article {Katritch2014,
        author = {Katritch, V. and Fenalti, G. and Abola, E. E. and Roth, B. L. and Cherezov, V. and Stevens, R. C.},
        title = {{Allosteric sodium in class A GPCR signaling.}},
        volume = {39},
        number = {5},
        pages = {233-44},
        year = {2014},
        doi = {10.1016/j.tibs.2014.03.002},
        journal = {Trends in biochemical sciences},
}

@article {Huang2015,
        author = {Huang, Weijiao and Manglik, Aashish and  Venkatakrishnan, A. J. and Laeremans, Toon and Feinberg, Evan N. and Sanborn, Adrian L. and Kato, Hideaki E.  and Livingston, Kathryn E. and Thorsen, Thor S. and Kling, Ralf C. and Granier, Sébastien and Gmeiner, Peter and Husbands, Stephen M. and Traynor, John R. and Weis, William I. and Steyaert, Jan and Dror, Ron O. and Kobilka, Brian K.},
        title = {{Structural insights into µ-opioid receptor activation}},
        volume = {524},
        pages = {315–321},
        year = {2015},
        doi = {10.1038/nature14886},
        journal = {Nature},
}


@article {Choe2011,
        author = {Choe, Hui-Woog and Kim, Yong Ju  and Park, Jung Hee and Morizumi, Takefumi and Pai, Emil F. and Krauß, Norbert and Hofmann, Klaus Peter and Scheerer, Patrick and Ernst, Oliver P.},
        title = {{Crystal structure of metarhodopsin II}},
        volume = {471},
        pages = {651–655},
        year = {2011},
        doi = {10.1038/nature09789},
        journal = {Nature},
}


@article {Angel2009,
        author = {Angel, Thomas E. and Chance, Mark R. and Palczewski, Krzysztof},
        title = {{Conserved waters mediate structural and functional activation of family A (rhodopsin-like) G protein-coupled receptors}},
        volume = {106},
        number = {21},
        pages = {8555--8560},
        year = {2009},
        doi = {10.1073/pnas.0903545106},
        journal = {Proceedings of the National Academy of Sciences of the United States of America},
}

@article{Rinne2013,
author = {Rinne, A. and Birk, A. and Bünemann, M.},
title = {{Voltage regulates adrenergic receptor function.}},
volume = {110},
issue = {4},
pages = {1536-41},
year = {2013},
journal = {Proceedings of the National Academy of Sciences of the United States of America},
doi = {10.1073/pnas.1212656110},
}


@article{Jastrzebska2011,
author = {Jastrzebska, B. and Palczewski, K. and Golczak, M.},
title = {{Role of bulk water in hydrolysis of the rhodopsin chromophore}},
volume = {286},
issue = {21},
pages = {18930-7},
year = {2011},
journal = {The Journal of biological chemistry},
doi = {10.1074/jbc.M111.234583},
}


@article {Qin2015,
        author = {Qin, Ling and Kufareva, Irina and Holden, Lauren G. and Wang, Chong and Zheng, Yi and Zhao, Chunxia and Fenalti, Gustavo and Wu, Huixian and Han, Gye Won and Cherezov, Vadim and Abagyan, Ruben and Stevens, Raymond C. and Handel, Tracy M.},
        title = {{Crystal structure of the chemokine receptor CXCR4 in complex with a viral chemokine}},
        volume = {347},
        number = {6226},
        pages = {1117--1122},
        year = {2015},
        doi = {10.1126/science.1261064},
        publisher = {American Association for the Advancement of Science},
        issn = {0036-8075},
        URL = {http://science.sciencemag.org/content/347/6226/1117},
        eprint = {http://science.sciencemag.org/content/347/6226/1117.full.pdf},
        journal = {Science}
}

@article{Oswald2016,
author = {Oswald, Christine and Rappas, Mathieu and Kean, James and Doré, Andrew S. and Errey, James C. and Bennett, Kirstie and Deflorian, Francesca and Christopher, John A. and Jazayeri, Ali and Mason, Jonathan S. and Congreve, Miles and Cooke, Robert M. and Marshall, Fiona H.},
title = {{Intracellular allosteric antagonism of the CCR9 receptor}},
journal = {Nature},
volume = {540},
pages = {462-465},
year = {2016},
doi = {10.1038/nature20606},
}

@article {Tan2013,
        author = {Tan, Qiuxiang and Zhu, Ya and Li, Jian and Chen, Zhuxi and Han, Gye Won and Kufareva, Irina and Li, Tingting and Ma, Limin and Fenalti, Gustavo and Li, Jing and Zhang, Wenru and Xie, Xin and Yang, Huaiyu and Jiang, Hualiang and Cherezov, Vadim and Liu, Hong and Stevens, Raymond C. and Zhao, Qiang and Wu, Beili},
        title = {{Structure of the CCR5 Chemokine Receptor-HIV Entry Inhibitor Maraviroc Complex}},
        volume = {341},
        number = {6152},
        pages = {1387--1390},
        year = {2013},
        doi = {10.1126/science.1241475},
        publisher = {American Association for the Advancement of Science},
        issn = {0036-8075},
        URL = {http://science.sciencemag.org/content/341/6152/1387},
        eprint = {http://science.sciencemag.org/content/341/6152/1387.full.pdf},
        journal = {Science}
}

@article{Dasse2007,
author = {Dasse, O. A.  and Evans, J. L. and Zhai, H.-X. and Zou, D. and Kintigh, J. T.  and Chan, F. and Hamilton, K.  and Hill, E.  and Eckman, J. B. and Higgins, P. J. and Volosov, A. and  Collart, P. and Nicolas, J.-M. and Kondru, R.K. and Schwartz, C.E.},
title = {{Novel, Acidic CCR2 Receptor Antagonists: Lead Optimization}},
journal = {Letters in Drug Design and Discovery},
volume = {4},
issue = {4},
pages = {263-271},
year = {2007},
doi = {10.2174/157018007784619989 },
}


@article{Carter2015,
author = {Carter, Percy H. and Brown, Gregory D. and Cherney, Robert J. and Batt, Douglas G. and Chen, Jing and Clark, Cheryl M. and Cvijic, Mary Ellen and Duncia, John V. and Ko, Soo S. and Mandlekar, Sandhya and Mo, Ruowei and Nelson, David J. and Pang, Jian and Rose, Anne V. and Santella, Joseph B. and Tebben, Andrew J. and Traeger, Sarah C. and Xu, Songmei and Zhao, Qihong and Barrish, Joel C.},
title = {{Discovery of a Potent and Orally Bioavailable Dual Antagonist of CC Chemokine Receptors 2 and 5}},
journal = {ACS Med Chem Lett.},
volume = {6},
issue = {4},
pages = {439–444},
year = {2015},
doi = {10.1021/ml500505q},
note = {PMID: 25893046},
}



@article{Mardt2018,
author = {Mardt, Andreas and Pasquali, Luca and wu, Hao and Noé, Frank},
title = {{VAMPnets for deep learning of molecular kinetics}},
journal = {Nature Communications},
volume = {9},
issue = {1},
pages = {5},
year = {2018},
doi = {10.1038/s41467-017-02388-1},
}


@article{Chen2018,
author = {Chen, Qihua and Feng, Jiangyan and Mittal, Shriyaa and Shukla, Diwakar},
title = {{Automatic Feature Selection in Markov State Models Using Genetic Algorithm}},
journal = {Journal of Chemical Theory and Computation},
year = {2018},
doi = {arXiv:1806.09723},
}


@article{Nuske2014,
author = {Nüske, Feliks and Keller, Bettina G. and Pérez-Hernández, Guillermo and Mey, Antonia S. J. S. and Noé, Frank},
title = {Variational Approach to Molecular Kinetics},
journal = {Journal of Chemical Theory and Computation},
volume = {10},
number = {4},
pages = {1739-1752},
year = {2014},
doi = {10.1021/ct4009156},
note ={PMID: 26580382},
}

@article{Burg2015,
        author = {Burg, John S. and Ingram, Jessica R. and Venkatakrishnan, A. J. and Jude, Kevin M. and Dukkipati, Abhiram and Feinberg, Evan N. and Angelini, Alessandro and Waghray, Deepa and Dror, Ron O. and Ploegh, Hidde L. and Garcia, K. Christopher},
        title = {Structural basis for chemokine recognition and activation of a viral G protein{\textendash}coupled receptor},
        volume = {347},
        number = {6226},
        pages = {1113--1117},
        year = {2015},
        doi = {10.1126/science.aaa5026},
        publisher = {American Association for the Advancement of Science},
        issn = {0036-8075},
        URL = {http://science.sciencemag.org/content/347/6226/1113},
        eprint = {http://science.sciencemag.org/content/347/6226/1113.full.pdf},
        journal = {Science}
}

@article{Lebon2011,
author = {Lebon, Guillame and Warne, Tony and Edwards, Patricia C. and Bennett, Kirstie and Langmead, Christopher J. and Leslie, Andrew G. W. and Tate, Christopher G.},
doi = {10.1038/nature10136},
volume = {474},
pages = {521-525},
journal = {Nature},
title = {{Agonist-bound adenosine A2A receptor structures reveal common features of GPCR activation}},
year = {2011}
}


@book{Bowman2014,
	author = {Bowman, Gregory R. and Pande, Vijay S. and Noe, Frank.},
	title = {{An Introduction to Markov State Models and Their Application to Long Timescale Molecular Simulation}},
	year = {2014},
	volume = {797},
	publisher = {{Springer Netherlands}},
	doi = {10.1007/978-94-007-7606-7}
}

@article{Swope2004a,
author = {Swope, W.C. and Pitera, J.W. and Suits, F. and Pitman, M. and Eleftheriou, M. and Fitch, B.G. and Germain, R.S. and Rayshubski, A. and Ward, T.J.C. and Zhestkov, Y. and Zhou, R.},
doi = {10.1021/jp037422q},
isbn = {1520-6106},
issn = {15206106},
journal = {J. Phys. Chem. B},
title = {{Describing Protein Folding Kinetics by Molecular Dynamics Simulations. 2. Example Applications to Alanine Dipeptide and a beta-Hairpin Peptide}},
year = {2004}
}

@article{Singhal2004,
author = {Singhal, Nina and Snow, Christopher D. and Pande, Vijay S.},
doi = {10.1063/1.1738647},
isbn = {doi:10.1063/1.1738647},
issn = {00219606},
journal = {Journal of Chemical Physics},
pmid = {15260562},
title = {{Using path sampling to build better Markovian state models: Predicting the folding rate and mechanism of a tryptophan zipper beta hairpin}},
year = {2004}
}

@article{Malmstrom2014,
author = {Malmstrom, Robert D. and Lee, Christopher T. and {Van Wart}, Adam T. and Amaro, Rommie E.},
doi = {10.1021/ct5002363},
isbn = {1549-9618 (Print)$\backslash$r1549-9618},
issn = {15499626},
journal = {Journal of Chemical Theory and Computation},
pmid = {25473382},
title = {{Application of molecular-dynamics based markov state models to functional proteins}},
year = {2014}
}

@article{Kozakov2015,
    author = {Kozakov, D. and Grove, L.E. and Hall, D.R. and Bohnuud, T. and Mottarella, S.E. and Luo, L. and Xia, B. and Beglov, D. and Vajda, S.},
    title = {{The FTMap family of web servers for determining and characterizing ligand-binding hot spots of proteins}},
    journal = {Nature Protocols},
    volume = {10},
    issue = {5},
    pages = {733-755},
    year = {2015},
    doi = {10.1038/nprot.2015.043}}

@article{Amaro2018a,
    author = {Amaro, Rommie E. and Baudry, Jerome and Chodera, John and Demir, Özlem and McCammon, Andrew and Miao, Yinglong and Smith, Jeremy C.},
    title = {{Ensemble Docking in Drug Discovery}},
    journal = {Biophysical Journal},
    volume = {114},
    issue = {10},
    pages = {2271-2278},
    year = {2018},
    doi = {10.1016/j.bpj.2018.02.038}}

@article{Amaro2018,
    author = {Amaro, Rommie E. and Mulholland, Adrian J.},
    title = {{Multiscale methods in drug design bridge chemical and biological complexity in the search for cures}},
    journal = {Nature Reviews Chemistry},
    volume = {2},
    pages = {0148},
    year = {2018},
    doi = {10.1038/s41570-018-0148}}
    
@article{Katritch2012,
    author = {Katritch, V. and Cherezov, V. and and Stevens, R. C},
    title = {{Diversity and modularity of G protein-coupled receptor structures}},
    journal = {Trends Pharmacol. Sci.},
    volume = {33},
    pages = {17– 27},
    year = {2012},
    doi = {10.1016/j.tips.2011.09.003}}

@article{Yao2009,
    author = {Yao, X. J. and Velez Ruiz, G. and Whorton, M. R. and Rasmussen, S. G. F. and DeVree, B. T. and Deupi, X. and Sunahara, R. K. and Kobilka, B.},
    title = {{The effect of ligand efficacy on the formation and stability of a GPCR-G protein complex}},
    journal = {Proc. Natl. Acad. Sci. U. S. A.},
    volume = {106},
    pages = {9501– 9506},
    year = {2009},
    doi = {10.1073/pnas.0811437106}}
    
@article{Malik2013,
    author = {Malik, R. U. and Ritt, M. and DeVree, B. T. and Neubig, R. R. and Sunahara, R. K. and Sivaramakrishnan, S.},
    title = {{Detection of G protein-selective G protein-coupled receptor (GPCR) conformations in live cells}},
    journal = {J. Biol. Chem.},
    volume = {288},
    pages = {17167– 17178},
    year = {2013},
    doi = {10.1074/jbc.M113.464065}}

@article{Nygaard2013,
    author = {Nygaard, R. and Zou, Y. Z. and Dror, R. O. and Mildorf, T. J. and Arlow, D. H. and Manglik, A. and Pan, A. C. and Liu, C. W. and Fung, J. J. and Bokoch, M. P. and Thian, F. S. and Kobilka, T. S. and Shaw, D. E. and Mueller, L. and Prosser, R. S. and and Kobilka, B. K.},
    title = {{The Dynamic Process of beta(2)-Adrenergic Receptor Activation}},
    journal = {Cell},
    volume = {152},
    pages = {532– 542},
    year = {2013},
    doi = {10.1016/j.cell.2013.01.008}}

@article{Bockenhauer2011,
    author = {Bockenhauer, S. and Furstenberg, A. and Yao, X. J. and Kobilka, B. K. and Moerner, W. E.},
    title = {{Conformational dynamics of single G protein-coupled receptors in solution}},
    journal = {J. Phys. Chem. B.},
    volume = {115},
    pages = {13328– 13338},
    year = {2011},
    doi = {10.1021/jp204843r}}


@article{Manglik2015,
    author = {Manglik, A. and Kim, T. H. and Masureel, M. and Altenbach, C. and Yang, Z. Y. and Hilger, D. and Lerch, M. T. and Kobilka, T. S. and Thian, F. S. and Hubbell, W. L. and Prosser, R. S. and Kobilka, B. K.},
    title = {{Structural Insights into the Dynamic Process of beta(2)-Adrenergic Receptor Signaling}},
    journal = {Cell},
    volume = {162},
    pages = {1431– 1431},
    year = {2015},
    doi = {10.1016/j.cell.2015.08.045}}

@article{Zhang2018,
    author = {Zhang, Qiansen and Zhou, Mang and Zhao, Lifen and Jiang, Hualiang and Yang, Huaiyu},
    title = {{Dynamic States of the Ligand-Free Class A G Protein-Coupled Receptor Extracellular Side}},
    journal = {Biochemistry},
    volume = {0},
    number = {0},
    pages = {null},
    year = {2018},
    doi = {10.1021/acs.biochem.8b00146}}

@article{Venkatakrishnan2013,
    author = { Venkatakrishnan, A. J. and Deupi, Xavier and Lebon, Guillaume and Tate, Christopher G. and Schertler, Gebhard F. and Babu, M. Madan},
    title = {{Molecular signatures of G-protein-coupled receptors}},
    journal = {Nature},
    volume = {494},
    pages = {185-194},
    year = {2013},
    doi = {10.1038/nature11896}}

@article{Latorraca2017,
    author = {Latorraca, Naomi R. and Venkatakrishnan, A. J. and Dror, Ron O.},
    title = {{GPCR Dynamics: Structures in Motion}},
    journal = {Chemical Reviews},
    volume = {117},
    number = {1},
    pages = {139-155},
    year = {2017},
    doi = {10.1021/acs.chemrev.6b00177}}

@article{Caliman2015,
    Author = {Caliman, AD and Swift, SE and Wang, Y and Miao, Y and McCammon, JA.},
    Journal = {Protein Science: A Publication of the Protein Society},
    Pages = {1004-1012},
    Title = {{Investigation of the conformational dynamics of the apo A2A adenosine receptor}},
    Volume = {24},
    Year = {2015},
    Doi = {10.1002/pro.2681}}

@article{Solari2015,
	Author = {Solari, R. and Pease, J. E. and Begg, M.},
    Journal = {Eur. J. Pharmacol.},
    Pages = {363–367},
    Title = {{Chemokine receptors as therapeutic targets: why aren’t there more drugs?}},
    Volume = {746},
    Year = {2015},
    Doi = {10.1016/j.ejphar.2014.06.060}}

@article{Lim2016,
	Author = {Lim, S.Y. and Yuzhalin, A.E. and Gordon-Weeks, A.N. and Muschel, R.J.},
    Journal = {Oncotarget},
    Pages = {28697-710},
    Title = {{Targeting the CCL2-CCR2 signaling axis in cancer metastasis}},
    Volume = {7},
    Issue = {19},
    Year = {2016},
    Doi = {10.18632/oncotarget.7376}}

@article{Scholten2012,
	Author = {Scholten, D. J. and Canals, M. and Mussang, D. and Roumen, L. and Smit, M.J. and Wijtmans, M. and de Graaf, C. and Vischer, H.F. and Leurs, R.},
    Journal = {Br. J. Pharmacol},
    Title = {{Pharmacological modulation of chemokine receptor function}},
    Volume = {165},
    Issue = {6},
    Pages = {1617-1643},
    Year = {2012},
    Doi = {10.1111/j.1476-5381.2011.01551.x}}

@misc{https://www.clinicaltrials.gov,
	Title = {https://www.clinicaltrials.gov/},
  	url = {https://www.clinicaltrials.gov/},
    Year = {2018},
  	urldate = {2018-07-23}}

@article{White2018,
	Author = {White, Kate L. and Eddy, Matthew T. and Gao, Zhan-Guo and Han, Gye Won and Lian, Tiffany and Deary, Alexander and Patel, Nilkanth and Jacobson, Kenneth A. and Katritch, Vsevolod and Stevens, Raymond C.},
    Journal = {Structure},
    Pages = {259-269},
    Title = {{Structural Connection between Activation Microswitch and Allosteric Sodium Site in GPCR Signaling}},
    Volume = {26},
    Issue = {2},
    Year = {2018},
    Doi = {10.1016/j.str.2017.12.013}}
    
@article{Vickery2018,
	Author = {Vickery, Owen N. and Carvalheda, Catarina A. and Zaidi, Saheem A. and Pisliakov, Andrei V. and Katritch, Vsevolod and Zachariae, Ulrich},
    Journal = {Structure},
    Pages = {171-180},
    Title = {{Intracellular Transfer of Na+ in an Active-State G-Protein-Coupled Receptor}},
    Volume = {26},
    Issue = {1},
    Year = {2018},
    Doi = {10.1016/j.str.2017.11.013}}
    
@article{Humphrey1996,
	Author = {Humphrey, W. Dalke, A. and Schulten, K.},
	Date-Added = {2018-05-06 12:55:16 +0000},
	Date-Modified = {2018-05-06 12:55:16 +0000},
	Journal = {J. Molec. Graphics},
	Number = {6226},
    Pages = {33-38},
	Title = {{VMD - Visual Molecular Dynamics}},
	Volume = {14},
	Year = {1996}}

@article{Burg2015,
	Author = {Burg, John S. and Ingram, Jessica R. and Venkatakrishnan, A. J. and Jude, Kevin M. and Dukkipati, Abhiram and Feinberg, Evan N. and Angelini, Alessandro and Waghray, Deepa and Dror, Ron O. and Ploegh, Hidde L. and Garcia, K. Christopher},
	Date-Added = {2018-05-04 11:12:16 +0000},
	Date-Modified = {2018-05-04 11:12:16 +0000},
	Journal = {Science},
	Number = {6226},
    Pages = {1113-1117},
	Title = {{Structural basis for chemokine recognition and activation of a viral G protein{\textendash}coupled receptor}},
    Doi = {10.1126/science.aaa5026},
	Volume = {347},
	Year = {2015}}

@article{Yuan2014,
	Author = {Yuan, S. and Filipek, S. and Palczewski, K. and Vogel, H.},
	Date-Added = {2018-05-03 15:57:16 +0000},
	Date-Modified = {2018-05-03 15:57:16 +0000},
	Journal = {Nature communications},
	Pages = {4733},
	Title = {{Activation of G-protein-coupled receptors correlates with the formation of a continuous internal water pathway}},
    Doi = {10.1038/ncomms5733},
	Volume = {5},
	Year = {2014}}

@article{Swope2004,
	Author = {Swope, William C. and Pitera, Jed W.},
	Date-Added = {2018-03-28 00:48:16 +0000},
	Date-Modified = {2018-03-28 00:49:49 +0000},
	Journal = {J. Phys. Chem. B},
	Pages = {6571-6581},
	Title = {{Describing Protein Folding Kinetics by Molecular Dynamics Simulations}},
	Volume = {108},
	Year = {2004}}

@article{Perez-Hernandez2013,
	Author = {Perez-Hernandez, G. and Paul, F. and Giorgino, T. and De Fabritiis, G. and Noe, F},
	Date-Added = {2018-03-16 16:32:53 +0000},
	Date-Modified = {2018-03-18 16:51:29 +0000},
	Journal = {J. Chem. Phys.},
	Pages = {015102},
	Title = {{Identification of slow molecular order parameters for Markov model construction}},
	Volume = {139},
	Year = {2013}}

@article{Schwantes2013,
	Author = {Schwantes, C. R. and Pande, V. S.},
	Date-Added = {2018-03-16 16:30:25 +0000},
	Date-Modified = {2018-03-18 16:51:13 +0000},
	Journal = {J. Chem. Theory Comput.},
	Pages = {2000 -- 2009},
	Title = {{Improvements in Markov State Model Construction Reveal Many Non-Native Interactions in the Folding of NTL9}},
	Volume = {9},
	Year = {2013}}

@article{Prinz2011b,
    Author = {Prinz,Jan-Hendrik  and Wu,Hao  and Sarich,Marco  and Keller,Bettina  and Senne,Martin  and Held,Martin  and Chodera,John D.  and SchÃŒtte,Christof  and NoÃ©,Frank },
    title = {{Markov models of molecular kinetics: Generation and validation}},
    journal = {The Journal of Chemical Physics},
    volume = {134},
    number = {17},
    pages = {174105},
    year = {2011},
    doi = {10.1063/1.3565032}},

@article{Katritch2013,
	Author = {Katritch, V. and Cherezov, V. and Stevens, R.C.},
	Journal = {Annual review of pharmacology and toxicology},
	Pages = {531--556},
	Title = {{Structure-Function of the G-protein-Coupled Receptor Superfamily}},
	Volume = {53},
	Year = {2013}}

@article{Abel2008,
	Author = {Abel, Samantha and Russell, Deborah and Whitlock, Lyndsey A and Ridgway, Caroline E and Nedderman, Angus N R and Walker, Donald K},
	Doi = {10.1111/j.1365-2125.2008.03137.x},
	Issn = {1365-2125},
	Journal = {British journal of clinical pharmacology},
	Month = {apr},
	Pages = {60--7},
	Pmid = {18333867},
	Title = {{Assessment of the absorption, metabolism and absolute bioavailability of maraviroc in healthy male subjects.}},
	Url = {http://www.pubmedcentral.nih.gov/articlerender.fcgi?artid=2311408{\&}tool=pmcentrez{\&}rendertype=abstract},
	Volume = {65 Suppl 1},
	Year = {2008},
	Bdsk-Url-1 = {http://www.pubmedcentral.nih.gov/articlerender.fcgi?artid=2311408%7B%5C&%7Dtool=pmcentrez%7B%5C&%7Drendertype=abstract},
	Bdsk-Url-2 = {http://dx.doi.org/10.1111/j.1365-2125.2008.03137.x}}

@article{Beauchamp2011,
	Archiveprefix = {arXiv},
	Arxivid = {NIHMS150003},
	Author = {Beauchamp, Kyle A. and Bowman, Gregory R. and Lane, Thomas J. and Maibaum, Lutz and Haque, Imran S. and Pande, Vijay S.},
	Doi = {10.1021/ct200463m},
	Eprint = {NIHMS150003},
	Isbn = {1549-9626 (Electronic) 1549-9618 (Linking)},
	Issn = {15499618},
	Journal = {Journal of Chemical Theory and Computation},
	Number = {10},
	Pages = {3412--3419},
	Pmid = {22125474},
	Title = {{MSMBuilder2: Modeling conformational dynamics on the picosecond to millisecond scale}},
	Volume = {7},
	Year = {2011},
	Bdsk-Url-1 = {http://dx.doi.org/10.1021/ct200463m}}

@article{Ben-Baruch2006,
	Author = {Ben-Baruch, A.},
	Doi = {10.1007/s10555-006-9003-5},
	Isbn = {0167-7659 (Print)},
	Issn = {01677659},
	Journal = {Cancer and Metastasis Reviews},
	Number = {3},
	Pages = {357--371},
	Pmid = {17016763},
	Title = {{The multifaceted roles of chemokines in malignancy}},
	Volume = {25},
	Year = {2006},
	Bdsk-Url-1 = {http://dx.doi.org/10.1007/s10555-006-9003-5}}

@article{Berkhout2003,
	Author = {Berkhout, Theo A and Blaney, Frank E and Bridges, Angela M and Cooper, David G and Forbes, Ian T and Gribble, Andrew D and Groot, Pieter H E and Hardy, Adam and Ife, Robert J and Kaur, Rejbinder and Moores, Kitty E and Shillito, Helen and Willetts, Jennifer and Witherington, Jason},
	Doi = {10.1021/jm030862l},
	Isbn = {0022-2623 (Print)$\backslash$r0022-2623 (Linking)},
	Issn = {0022-2623},
	Journal = {Journal of medicinal chemistry},
	Number = {19},
	Pages = {4070--86},
	Pmid = {12954060},
	Title = {{CCR2: characterization of the antagonist binding site from a combined receptor modeling/mutagenesis approach.}},
	Url = {http://www.ncbi.nlm.nih.gov/pubmed/12954060},
	Volume = {46},
	Year = {2003},
	Bdsk-Url-1 = {http://www.ncbi.nlm.nih.gov/pubmed/12954060},
	Bdsk-Url-2 = {http://dx.doi.org/10.1021/jm030862l}}

@article{Bowman2011,
	Author = {Bowman, Gregory R. and Voelz, Vincent a. and Pande, Vijay S.},
	Doi = {10.1016/j.sbi.2010.10.006},
	Isbn = {0959-440X},
	Issn = {0959440X},
	Journal = {Current Opinion in Structural Biology},
	Number = {1},
	Pages = {4--11},
	Pmid = {21081274},
	Title = {{Taming the complexity of protein folding}},
	Url = {http://dx.doi.org/10.1016/j.sbi.2010.10.006},
	Volume = {21},
	Year = {2011},
	Bdsk-Url-1 = {http://dx.doi.org/10.1016/j.sbi.2010.10.006}}

@article{Chavan2012,
	Author = {Chavan, Swapnil and Pawar, Shirishkumar and Singh, Rajesh and Sobhia, M. Elizabeth},
	Doi = {10.1007/s11030-012-9368-z},
	Issn = {1381-1991},
	Journal = {Molecular Diversity},
	Number = {2},
	Pages = {401--413},
	Title = {{Binding site characterization of G protein-coupled receptor by alanine-scanning mutagenesis using molecular dynamics and binding free energy approach: application to C-C chemokine receptor-2 (CCR2)}},
	Url = {http://link.springer.com/10.1007/s11030-012-9368-z},
	Volume = {16},
	Year = {2012},
	Bdsk-Url-1 = {http://link.springer.com/10.1007/s11030-012-9368-z},
	Bdsk-Url-2 = {http://dx.doi.org/10.1007/s11030-012-9368-z}}

@article{Cronkite-Ratcliff2013,
	Author = {Cronkite-Ratcliff, Bryce and Pande, Vijay},
	Doi = {10.1093/bioinformatics/btt051},
	Isbn = {1460-2059},
	Issn = {13674803},
	Journal = {Bioinformatics},
	Number = {7},
	Pages = {950--952},
	Pmid = {23365411},
	Title = {{MSMExplorer: Visualizing Markov state models for biomolecule folding simulations}},
	Volume = {29},
	Year = {2013},
	Bdsk-Url-1 = {http://dx.doi.org/10.1093/bioinformatics/btt051}}

@article{Dror2011,
	Author = {Dror, Ron O and Arlow, Daniel H and Maragakis, Paul and Mildorf, Thomas J and Pan, Albert C and Xu, Huafeng and Borhani, David W and Shaw, David E},
	Doi = {10.1073/pnas.1110499108/-/DCSupplemental.www.pnas.org/cgi/doi/10.1073/pnas.1110499108},
	Isbn = {1110499108},
	Issn = {1091-6490},
	Journal = {Proceedings of the National academy of sciences of the USA},
	Number = {46},
	Pages = {18684--18689},
	Pmid = {22031696},
	Title = {{Activation mechanism of the $\beta$2 -adrenergic receptor}},
	Volume = {108},
	Year = {2011},
	Bdsk-Url-1 = {http://dx.doi.org/10.1073/pnas.1110499108/-/DCSupplemental.www.pnas.org/cgi/doi/10.1073/pnas.1110499108}}

@article{Hall2009,
	Author = {Hall, Spencer E and Mao, Allen and Nicolaidou, Vicky and Finelli, Mattea and Wise, Emma L and Nedjai, Belinda and Kanjanapangka, Julie and Harirchian, Paymann and Chen, Deborah and Selchau, Victor and Ribeiro, Sofia and Schyler, Sabine and Pease, James E and Horuk, Richard and Vaidehi, Nagarajan},
	Doi = {10.1124/mol.108.053470},
	Issn = {1521-0111},
	Journal = {Molecular pharmacology},
	Number = {6},
	Pages = {1325--36},
	Pmid = {19297521},
	Title = {{Elucidation of binding sites of dual antagonists in the human chemokine receptors CCR2 and CCR5.}},
	Url = {http://www.ncbi.nlm.nih.gov/pubmed/19297521},
	Volume = {75},
	Year = {2009},
	Bdsk-Url-1 = {http://www.ncbi.nlm.nih.gov/pubmed/19297521},
	Bdsk-Url-2 = {http://dx.doi.org/10.1124/mol.108.053470}}

@article{Horuk2009,
	Author = {Horuk, Richard},
	Doi = {10.1038/nrd2734},
	Isbn = {1474-1784 (Electronic)$\backslash$n1474-1776 (Linking)},
	Issn = {1474-1776},
	Journal = {Nature reviews. Drug discovery},
	Number = {1},
	Pages = {23--33},
	Pmid = {19079127},
	Title = {{Chemokine receptor antagonists: overcoming developmental hurdles.}},
	Volume = {8},
	Year = {2009},
	Bdsk-Url-1 = {http://dx.doi.org/10.1038/nrd2734}}

@article{Huang2013,
	Archiveprefix = {arXiv},
	Arxivid = {NIHMS150003},
	Author = {Huang, Jing and Mackerell, Alexander D.},
	Doi = {10.1002/jcc.23354},
	Eprint = {NIHMS150003},
	Isbn = {2122633255},
	Issn = {01928651},
	Journal = {Journal of Computational Chemistry},
	Number = {25},
	Pages = {2135--2145},
	Pmid = {23832629},
	Title = {{CHARMM36 all-atom additive protein force field: Validation based on comparison to NMR data}},
	Volume = {34},
	Year = {2013},
	Bdsk-Url-1 = {http://dx.doi.org/10.1002/jcc.23354}}

@article{Jo2008,
	Archiveprefix = {arXiv},
	Arxivid = {NIHMS150003},
	Author = {Jo, Sunhwan and Kim, Taehoon and Iyer, Vidyashankara G. and Im, Wonpil},
	Doi = {10.1002/jcc.20945},
	Eprint = {NIHMS150003},
	Isbn = {1096-987X},
	Issn = {01928651},
	Journal = {Journal of Computational Chemistry},
	Keywords = {Electrostatic potential,Explicit solvent,Implicit solvent,MarvinSpace,Membrane,Molecular dynamics,Poisson-Boltzmann,Visualization},
	Number = {11},
	Pages = {1859--1865},
	Pmid = {20928852},
	Title = {{CHARMM-GUI: A web-based graphical user interface for CHARMM}},
	Volume = {29},
	Year = {2008},
	Bdsk-Url-1 = {http://dx.doi.org/10.1002/jcc.20945}}

@article{Kim2011,
	Author = {Kim, Jong Hoon and Lim, Jee Woong and Lee, Seung Woo and Kim, Kyoungrak and No, Kyoung Tai},
	Doi = {10.1007/s00894-010-0943-x},
	Issn = {16102940},
	Journal = {Journal of Molecular Modeling},
	Number = {10},
	Pages = {2707--2716},
	Pmid = {21213000},
	Title = {{Ligand supported homology modeling and docking evaluation of CCR2: Docked pose selection by consensus scoring}},
	Volume = {17},
	Year = {2011},
	Bdsk-Url-1 = {http://dx.doi.org/10.1007/s00894-010-0943-x}}

@article{Kohlhoff2014,
	Author = {Kohlhoff, Kai J and Shukla, Diwakar and Lawrenz, Morgan and Bowman, Gregory R and Konerding, David E and Belov, Dan and Altman, Russ B and Pande, Vijay S},
	Doi = {10.1038/nchem.1821},
	Isbn = {1755-4330},
	Issn = {1755-4349},
	Journal = {Nature chemistry},
	Number = {1},
	Pages = {15--21},
	Pmid = {24345941},
	Title = {{Cloud-based simulations on Google Exacycle reveal ligand modulation of GPCR activation pathways.}},
	Url = {http://www.pubmedcentral.nih.gov/articlerender.fcgi?artid=3923464{\&}tool=pmcentrez{\&}rendertype=abstract},
	Volume = {6},
	Year = {2014},
	Bdsk-Url-1 = {http://www.pubmedcentral.nih.gov/articlerender.fcgi?artid=3923464%7B%5C&%7Dtool=pmcentrez%7B%5C&%7Drendertype=abstract},
	Bdsk-Url-2 = {http://dx.doi.org/10.1038/nchem.1821}}

@article{Kothandan2012,
	Author = {Kothandan, Gugan and Gadhe, Changdev G and Cho, Seung Joo},
	Doi = {10.1371/journal.pone.0032864},
	Isbn = {1932-6203 (Electronic) 1932-6203 (Linking)},
	Issn = {1932-6203},
	Journal = {PloS one},
	Number = {3},
	Pages = {e32864},
	Pmid = {22479344},
	Title = {{Structural insights from binding poses of CCR2 and CCR5 with clinically important antagonists: a combined in silico study.}},
	Url = {http://www.pubmedcentral.nih.gov/articlerender.fcgi?artid=3314010{\&}tool=pmcentrez{\&}rendertype=abstract},
	Volume = {7},
	Year = {2012},
	Bdsk-Url-1 = {http://www.pubmedcentral.nih.gov/articlerender.fcgi?artid=3314010%7B%5C&%7Dtool=pmcentrez%7B%5C&%7Drendertype=abstract},
	Bdsk-Url-2 = {http://dx.doi.org/10.1371/journal.pone.0032864}}

@article{Kufareva2015,
	Author = {Kufareva, Irina and Salanga, Catherina L and Handel, Tracy M},
	Doi = {10.1038/icb.2015.15},
	Issn = {0818-9641},
	Journal = {Immunology and Cell Biology},
	Number = {4},
	Pages = {372--383},
	Pmid = {25708536},
	Title = {{Chemokine and chemokine receptor structure and interactions: implications for therapeutic strategies}},
	Url = {http://www.nature.com/doifinder/10.1038/icb.2015.15},
	Volume = {93},
	Year = {2015},
	Bdsk-Url-1 = {http://www.nature.com/doifinder/10.1038/icb.2015.15},
	Bdsk-Url-2 = {http://dx.doi.org/10.1038/icb.2015.15}}

@article{Malmstrom2015,
	Author = {Malmstrom, Robert D and Kornev, Alexandr P and Taylor, Susan S and Amaro, Rommie E},
	Doi = {10.1038/ncomms8588},
	Issn = {2041-1723},
	Journal = {Nature communications},
	Number = {May},
	Pages = {7588},
	Pmid = {26145448},
	Title = {{Allostery through the computational microscope: cAMP activation of a canonical signalling domain.}},
	Url = {http://www.ncbi.nlm.nih.gov/pubmed/26145448},
	Volume = {6},
	Year = {2015},
	Bdsk-Url-1 = {http://www.ncbi.nlm.nih.gov/pubmed/26145448},
	Bdsk-Url-2 = {http://dx.doi.org/10.1038/ncomms8588}}

@article{Mirzadegan2000,
	Author = {Mirzadegan, T and Diehl, F and Ebi, B and Bhakta, S and Polsky, I and McCarley, D and Mulkins, M and Weatherhead, G S and Lapierre, J M and Dankwardt, J and Morgans, D and Wilhelm, R and Jarnagin, K},
	Doi = {10.1074/jbc.M000692200},
	Isbn = {0021-9258, 1083-351X},
	Issn = {0021-9258},
	Journal = {The Journal of biological chemistry},
	Number = {33},
	Pages = {25562--71},
	Pmid = {10770925},
	Title = {{Identification of the binding site for a novel class of CCR2b chemokine receptor antagonists: binding to a common chemokine receptor motif within the helical bundle.}},
	Url = {http://www.ncbi.nlm.nih.gov/pubmed/10770925},
	Volume = {275},
	Year = {2000},
	Bdsk-Url-1 = {http://www.ncbi.nlm.nih.gov/pubmed/10770925},
	Bdsk-Url-2 = {http://dx.doi.org/10.1074/jbc.M000692200}}

@article{OConnor2015,
	Author = {O'Connor, T and Borsig, L and Heikenwalder, M},
	Issn = {1871-5303},
	Journal = {Endocrine, Metabolic and Immune Disorders - Drug Targets},
	Number = {2},
	Pages = {105--118},
	Title = {{CCL2-CCR2 signaling in disease pathogenesis}},
	Volume = {15},
	Year = {2015}}

@misc{Pande2010,
	Author = {Pande, Vijay S. and Beauchamp, Kyle and Bowman, Gregory R.},
	Booktitle = {Methods},
	Doi = {10.1016/j.ymeth.2010.06.002},
	Isbn = {1046-2023},
	Issn = {10462023},
	Number = {1},
	Pages = {99--105},
	Pmid = {20570730},
	Title = {{Everything you wanted to know about Markov State Models but were afraid to ask}},
	Volume = {52},
	Year = {2010},
	Bdsk-Url-1 = {http://dx.doi.org/10.1016/j.ymeth.2010.06.002}}

@article{Pease2009,
	Author = {Pease, James E and Horuk, Richard},
	Doi = {10.1517/13543770802641346},
	Issn = {1354-3776},
	Journal = {Expert Opinion on Therapeutic Patents},
	Keywords = {Animals,Chemokines, CC,Chemokines, CC: metabolism,Drug Delivery Systems,Drug Design,Humans,Patents as Topic,Receptors, CCR1,Receptors, CCR1: antagonists {\&} inhibitors,Receptors, CCR2,Receptors, CCR2: antagonists {\&} inhibitors,Receptors, CCR3,Receptors, CCR3: antagonists {\&} inhibitors,Receptors, CCR4,Receptors, CCR4: antagonists {\&} inhibitors},
	Month = {jan},
	Number = {1},
	Pages = {39--58},
	Pmid = {19441897},
	Title = {{Chemokine receptor antagonists: Part 1}},
	Url = {http://www.ncbi.nlm.nih.gov/pubmed/19441897},
	Volume = {19},
	Year = {2009},
	Bdsk-Url-1 = {http://www.ncbi.nlm.nih.gov/pubmed/19441897},
	Bdsk-Url-2 = {http://dx.doi.org/10.1517/13543770802641346}}

@article{Pease2009a,
	Author = {Pease, James E and Horuk, Richard},
	Doi = {10.1517/13543770802641353},
	Issn = {1744-7674},
	Journal = {Expert opinion on therapeutic patents},
	Keywords = {Animals,CCR5 Receptor Antagonists,Drug Delivery Systems,Humans,Patents as Topic,Receptors, CCR,Receptors, CCR8,Receptors, CCR8: antagonists {\&} inhibitors,Receptors, CCR: antagonists {\&} inhibitors,Receptors, CXCR3,Receptors, CXCR3: antagonists {\&} inhibitors,Receptors, CXCR4,Receptors, CXCR4: antagonists {\&} inhibitors},
	Month = {feb},
	Number = {2},
	Pages = {199--221},
	Pmid = {19441918},
	Title = {{Chemokine receptor antagonists: part 2.}},
	Url = {http://www.ncbi.nlm.nih.gov/pubmed/19441918},
	Volume = {19},
	Year = {2009},
	Bdsk-Url-1 = {http://www.ncbi.nlm.nih.gov/pubmed/19441918},
	Bdsk-Url-2 = {http://dx.doi.org/10.1517/13543770802641353}}

@article{Prinz2011,
	Author = {Prinz, J.-H. and Keller, B and Noe, F},
	Doi = {10.1039/c1cp21258c},
	Isbn = {1463-9076},
	Issn = {1463-9076},
	Journal = {Phys. Chem. Chem. Phys.},
	Keywords = {Chemical,Computer Simulation,DSTOC,Kinetics,Markov Chains,Models,Protein Folding,Proteins,Proteins: chemistry,RXCRD,Spectrum Analysis},
	Pages = {16912--16927},
	Pmid = {21858310},
	Title = {{Probing molecular kinetics with Markov models: metastable states, transition pathways and spectroscopic observables}},
	Volume = {13},
	Year = {2011},
	Bdsk-Url-1 = {http://dx.doi.org/10.1039/c1cp21258c}}

@article{Prinz2011a,
	Author = {Prinz, Jan Hendrik and Wu, Hao and Sarich, Marco and Keller, Bettina and Senne, Martin and Held, Martin and Chodera, John D. and Schtte, Christof and No??, Frank},
	Doi = {10.1063/1.3565032},
	Isbn = {0021-9606},
	Issn = {00219606},
	Journal = {Journal of Chemical Physics},
	Number = {17},
	Pmid = {21548671},
	Title = {{Markov models of molecular kinetics: Generation and validation}},
	Volume = {134},
	Year = {2011},
	Bdsk-Url-1 = {http://dx.doi.org/10.1063/1.3565032}}

@article{Salmas2015,
	Author = {Salmas, Ramin Ekhteiari and Yurtsever, Mine and Durdagi, Serdar},
	Doi = {10.1038/srep13180},
	Issn = {2045-2322},
	Journal = {Scientific Reports},
	Number = {August},
	Pages = {13180},
	Publisher = {Nature Publishing Group},
	Title = {{Investigation of Inhibition Mechanism of Chemokine Receptor CCR5 by Micro-second Molecular Dynamics Simulations}},
	Url = {http://www.nature.com/doifinder/10.1038/srep13180},
	Volume = {5},
	Year = {2015},
	Bdsk-Url-1 = {http://www.nature.com/doifinder/10.1038/srep13180},
	Bdsk-Url-2 = {http://dx.doi.org/10.1038/srep13180}}

@article{Scherer2015,
	Author = {Scherer, Martin K. and Trendelkamp-Schroer, Benjamin and Paul, Fabian and P{\'{e}}rez-Hern{\'{a}}ndez, Guillermo and Hoffmann, Moritz and Plattner, Nuria and Wehmeyer, Christoph and Prinz, Jan Hendrik and No{\'{e}}, Frank},
	Doi = {10.1021/acs.jctc.5b00743},
	Issn = {15499626},
	Journal = {Journal of Chemical Theory and Computation},
	Number = {11},
	Pages = {5525--5542},
	Pmid = {26574340},
	Title = {{PyEMMA 2: A Software Package for Estimation, Validation, and Analysis of Markov Models}},
	Volume = {11},
	Year = {2015},
	Bdsk-Url-1 = {http://dx.doi.org/10.1021/acs.jctc.5b00743}}

@article{Senne2012,
	Author = {Senne, Martin and Trendelkamp-Schroer, Benjamin and Mey, Antonia S J S and Sch{\"{u}}tte, Christof and No{\'{e}}, Frank},
	Doi = {10.1021/ct300274u},
	Isbn = {1549-9618},
	Issn = {15499618},
	Journal = {Journal of Chemical Theory and Computation},
	Number = {7},
	Pages = {2223--2238},
	Title = {{EMMA: A software package for markov model building and analysis}},
	Volume = {8},
	Year = {2012},
	Bdsk-Url-1 = {http://dx.doi.org/10.1021/ct300274u}}

@article{Shahlaei2013,
	Author = {Shahlaei, Mohsen and Fassihi, Afshin and Papaleo, Elena and Pourfarzam, Morteza},
	Doi = {10.1111/cbdd.12179},
	Issn = {1747-0285},
	Journal = {Chemical biology {\&} drug design},
	Number = {5},
	Pages = {534--545},
	Pmid = {23930622},
	Title = {{Molecular dynamics simulation of chemokine receptors in lipid bilayer: a case study on C-C chemokine receptor type 2.}},
	Url = {http://eutils.ncbi.nlm.nih.gov/entrez/eutils/elink.fcgi?dbfrom=pubmed{\&}id=23930622{\&}retmode=ref{\&}cmd=prlinks{\%}5Cnpapers3://publication/doi/10.1111/cbdd.12179},
	Volume = {82},
	Year = {2013},
	Bdsk-Url-1 = {http://dx.doi.org/10.1111/cbdd.12179}}

@inproceedings{Shaw2014,
	Booktitle = {International Conference for High Performance Computing, Networking, Storage and Analysis, SC},
	Doi = {10.1109/SC.2014.9},
	Isbn = {978-1-4799-5500-8},
	Issn = {21674337},
	Number = {January},
	Pages = {41--53},
	Title = {{Anton 2: Raising the Bar for Performance and Programmability in a Special-Purpose Molecular Dynamics Supercomputer}},
	Year = {2014},
	Bdsk-Url-1 = {http://dx.doi.org/10.1109/SC.2014.9}}

@article{Singh2013,
	Author = {Singh, Rajesh and Sobhia, M Elizabeth},
	Doi = {10.1080/07391102.2012.707460},
	Issn = {1538-0254},
	Journal = {Journal of biomolecular structure {\&} dynamics},
	Number = {7},
	Pages = {694--715},
	Pmid = {22909007},
	Title = {{Structure prediction and molecular dynamics simulations of a G-protein coupled receptor: human CCR2 receptor.}},
	Url = {http://www.ncbi.nlm.nih.gov/pubmed/22909007},
	Volume = {31},
	Year = {2013},
	Bdsk-Url-1 = {http://www.ncbi.nlm.nih.gov/pubmed/22909007},
	Bdsk-Url-2 = {http://dx.doi.org/10.1080/07391102.2012.707460}}

@article{Sobhia2010,
	Author = {Sobhia, Masilamani Elizabeth and Singh, Rajesh and Kare, Pavan and Chavan, Swapnil},
	Doi = {10.1517/17460441.2010.482559},
	Isbn = {1746-0441 (Print)$\backslash$r1746-0441 (Linking)},
	Issn = {1746-0441 (Print)},
	Journal = {Expert opinion on drug discovery},
	Number = {6},
	Pages = {543--557},
	Pmid = {22823166},
	Title = {{Rational design of CCR2 antagonists: a survey of computational studies.}},
	Volume = {5},
	Year = {2010},
	Bdsk-Url-1 = {http://dx.doi.org/10.1517/17460441.2010.482559}}

@article{Solomon2010,
	Author = {Solomon, Michelle and Balasa, Balaji and Sarvetnick, Nora},
	Doi = {10.3109/08916930903246464},
	Isbn = {1607-842X (Electronic)$\backslash$r0891-6934 (Linking)},
	Issn = {0891-6934},
	Journal = {Autoimmunity},
	Number = {2},
	Pages = {156--163},
	Pmid = {19824873},
	Title = {{CCR2 and CCR5 chemokine receptors differentially influence the development of autoimmune diabetes in the NOD mouse.}},
	Volume = {43},
	Year = {2010},
	Bdsk-Url-1 = {http://dx.doi.org/10.3109/08916930903246464}}

@article{Tautermann2014,
	Author = {Tautermann, Christofer S. and Seeliger, Daniel and Kriegl, Jan M.},
	Doi = {10.1016/j.csbj.2014.12.002},
	Issn = {20010370},
	Journal = {Computational and Structural Biotechnology Journal},
	Pages = {111--121},
	Title = {{What can we learn from molecular dynamics simulations for GPCR drug design?}},
	Url = {http://www.sciencedirect.com/science/article/pii/S200103701400052X},
	Volume = {13},
	Year = {2014},
	Bdsk-Url-1 = {http://www.sciencedirect.com/science/article/pii/S200103701400052X},
	Bdsk-Url-2 = {http://dx.doi.org/10.1016/j.csbj.2014.12.002}}

@article{Vanommeslaeghe2010,
	Archiveprefix = {arXiv},
	Arxivid = {NIHMS150003},
	Author = {Vanommeslaeghe, K. and Hatcher, E. and Acharya, C. and Kundu, S. and Zhong, S. and Shim, J. and Darian, E. and Guvench, O. and Lopes, P. and Vorobyov, I. and Mackerell, A. D.},
	Doi = {10.1002/jcc.21367},
	Eprint = {NIHMS150003},
	Isbn = {6176321972},
	Issn = {01928651},
	Journal = {Journal of Computational Chemistry},
	Number = {4},
	Pages = {671--690},
	Pmid = {19575467},
	Title = {{CHARMM general force field: A force field for drug-like molecules compatible with the CHARMM all-atom additive biological force fields}},
	Volume = {31},
	Year = {2010},
	Bdsk-Url-1 = {http://dx.doi.org/10.1002/jcc.21367}}

@article{Wagstaff2009,
	Author = {Wagstaff, Antona J.},
	Doi = {10.2165/00003495-200969030-00007},
	Issn = {0012-6667},
	Journal = {Drugs},
	Month = {jan},
	Number = {3},
	Pages = {319--326},
	Pmid = {19275275},
	Title = {{Plerixafor: in patients with non-Hodgkin's lymphoma or myltiple myeloma}},
	Url = {http://www.ncbi.nlm.nih.gov/pubmed/19275275},
	Volume = {69},
	Year = {2009},
	Bdsk-Url-1 = {http://www.ncbi.nlm.nih.gov/pubmed/19275275},
	Bdsk-Url-2 = {http://dx.doi.org/10.2165/00003495-200969030-00007}}

@article{Zhang2012,
	Author = {Zhang, Ru and Xie, Xin},
	Doi = {10.1038/aps.2011.173},
	Isbn = {1304293017},
	Issn = {1671-4083},
	Journal = {Acta Pharmacologica Sinica},
	Number = {3},
	Pages = {372--384},
	Pmid = {22266728},
	Title = {{Tools for GPCR drug discovery}},
	Url = {http://dx.doi.org/10.1038/aps.2011.173},
	Volume = {33},
	Year = {2012},
	Bdsk-Url-1 = {http://dx.doi.org/10.1038/aps.2011.173}}

@article{Zheng2016,
	Author = {Zheng, Yi and Qin, Ling and Zacar{\'{i}}as, Natalia V. Ortiz and de Vries, Henk and Han, Gye Won and Gustavsson, Martin and Dabros, Marta and Zhao, Chunxia and Cherney, Robert J. and Carter, Percy and Stamos, Dean and Abagyan, Ruben and Cherezov, Vadim and Stevens, Raymond C. and IJzerman, Adriaan P. and Heitman, Laura H. and Tebben, Andrew and Kufareva, Irina and Handel, Tracy M.},
	Doi = {10.1038/nature20605},
	Isbn = {1476-4687 (Electronic) 0028-0836 (Linking)},
	Issn = {0028-0836},
	Journal = {Nature},
	Number = {7633},
	Pages = {458--461},
	Pmid = {27926736},
	Title = {{Structure of CC chemokine receptor 2 with orthosteric and allosteric antagonists}},
	Url = {http://www.nature.com/doifinder/10.1038/nature20605},
	Volume = {540},
	Year = {2016},
	Bdsk-Url-1 = {http://www.nature.com/doifinder/10.1038/nature20605},
	Bdsk-Url-2 = {http://dx.doi.org/10.1038/nature20605}}

@article{Zweemer2013,
	Author = {Zweemer, Annelien Jm and Nederpelt, Indira and Vrieling, Hilde and Hafith, Sarah and Doornbos, Maarten Lj and de Vries, Henk and Abt, Jeffrey and Gross, Raymond and Stamos, Dean and Saunders, John and Smit, Martine J and Ijzerman, Adriaan P and Heitman, Laura H},
	Doi = {10.1124/mol.113.086850},
	Issn = {1521-0111},
	Journal = {Molecular pharmacology},
	Number = {October},
	Pages = {551--561},
	Pmid = {23877010},
	Title = {{Multiple Binding Sites for Small Molecule Antagonists at the Chemokine Receptor CCR2.}},
	Url = {http://eutils.ncbi.nlm.nih.gov/entrez/eutils/elink.fcgi?dbfrom=pubmed{\&}id=23877010{\&}retmode=ref{\&}cmd=prlinks{\%}5Cnfile:///Users/maxwellk/Desktop/Dropbox/Library.papers3/Articles/2013/Zweemer/Mol. Pharmacol. 2013 Zweemer.pdf{\%}5Cnpapers3://publication/doi/10.1124/mol},
	Volume = {2},
	Year = {2013},
	Bdsk-Url-1 = {http://dx.doi.org/10.1124/mol.113.086850}}
