@ARTICLE{Bochicchio2015,
 author = {D. Bochicchio and E. Panizon and R. Ferrando and L. Monticelli and G. Rossi},
 title = {Calculating the free energy of transfer of small solutes into a model lipid membrane: Comparison between metadynamics and umbrella sampling},
 journal = JCP,
 year = {2015},
 volume = {143},
 pages = {144108}
}

@article{Holland2012,
 title={Calculating diffusion and permeability coefficients with the
oscillating forward-reverse method},
 author={B. W. Holland and C. G. Gray and B. Tomberli},
 journal=PRE,
 volume={86},
 number={3},
 pages={036707},
 year={2012},
 publisher={APS}
}

@ARTICLE{Zheng2008,
 author = {Zheng, L. and Chen, M. and Yang, W.},
 title = {Random walk in orthogonal space to achieve efficient free-energy
   simulation of complex systems},
 journal = {Proc. Natl. Acad. Sci. U. S. A.},
 year = {2008},
 volume = {105},
 pages = {20227-20232}
}

@Article{Sugita1999,
   author = {Yuji Sugita and Yuko Okamoto},
   title = {Replica-exchange molecular dynamics method for protein folding},
   journal = CPL,
   year = 1999,
   volume = 314,
   pages = {141-151}
}

@article{PeslherbeCholesterol,
author = {Issack, Bilkiss B. and Peslherbe, Gilles H.},
title = {Effects of Cholesterol on the Thermodynamics and Kinetics of Passive Transport of Water through Lipid Membranes},
journal = {J. Phys. Chem. B},
volume = {119},
number = {29},
pages = {9391-9400},
year = {2015},
doi = {10.1021/jp510497r},
URL = {http://dx.doi.org/10.1021/jp510497r},
eprint = {http://dx.doi.org/10.1021/jp510497r}
}

@BOOK{Allen1989,
  title = {Computer Simulation of Liquids},
  publisher = {Oxford Science Publications, Clarendon Press},
  year = {1989},
  author = {M.P. Allen and D.J. Tildesley },
  address = {Oxford}
}


@book{Tuckerman2010,
   title = "Statistical Mechanics: Theory and Molecular Simulation",
   author = "Tuckerman, Mark E.",
   series = "Oxford Graduate Texts",
   publisher = "Oxford University Press",
   address = "Oxford",
   isbn = "978-0-19-852526-4",
   year = 2010
}

@article{BerneRateTheory1,
author = {Berne, Bruce J. and Borkovec, Michal and Straub, John E.},
title = {Classical and modern methods in reaction rate theory},
journal = {J. Phys. Chem.},
volume = {92},
number = {13},
pages = {3711--3725},
year = {1988},
doi = {10.1021/j100324a007},
URL = {http://dx.doi.org/10.1021/j100324a007},
eprint = {http://dx.doi.org/10.1021/j100324a007}

}


@ARTICLE{Fileti2004,
  author = {E. E. Fileti and P. Chaudhuri and S. Canuto},
  title = {Relative strength of hydrogen bond interaction in alcohol-water complexes},
  journal = CPL,
  year = {2004},
  volume = {400},
  pages = {404--499}
}

@article{Grogan1997,
author={D. Grogan and J. Cronan},
title={Cyclopropane ring formation in membrane lipids of bacteria},
journal=MMBR,
year={1997},
volume={61},
pages={429--441},
}

@article{Orbach1980,
author={E. Orbach and A. Finkelstein},
title={The nonelectrolyte permeability of planar lipid bilayer membranes},
journal=JGP,
year={1980},
volume={75},
pages={427--436},
}

@article{Dufourc1984,
author={E. J. Dufourc and I. C. P. Smith and H. C. Jarrell},
title={The role of cyclopropane moieties in the lipid properties of biological membranes: a deuterium {NMR} structural and dynamical approach},
journal=BCH,
year={1984},
volume={23},
pages={2300--2309}
}

@article{LAMO03,
author={G. Lamoureux and B. Roux},
title={Modeling induced polarization with classical {D}rude oscillators: Theory and molecular dynamics simulation algorithm},
journal=JCP,
year={2003},
volume={119},
pages={3025--3039}
}

@article{PATE2004,
  author = {Sandeep Patel and Charles L. {Brooks, III}},
  title = {{CHARMM} fluctuating charge force field for proteins: {I} parameterization and application to bulk organic liquid simulations},
  journal = JCC,
  year = {2004},
  volume = {25},
  pages = {1-15}
}

@article{PATE2004B,
  author = {Sandeep Patel and Alexander D. {Mackerell, Jr.} and Charles L. {Brooks, III}},
  title = {{CHARMM} fluctuating charge force field for proteins: {II} protein/solvent properties from molecular dynamics simulations using a nonadditive electrostatic model},
  journal = JCC,
  year = {2004},
  volume = {25},
  pages = {1504-1514}
}

@article{ANIS05,
  author={V. M. Anisimov and G. Lamoureux and I. V. Vorobyov and N. Huang and B. Roux and A. D. {MacKerell, Jr.}},
  title={Determination of electrostatic parameters for a polarizable force field based on the classical {D}rude oscillator},
  journal=JCTC,
  volume={1},
  pages={153--168},
  year={2005},
}

@article{LAMO2006,
author = {Lamoureux, G. and Roux, B.},
title = {Absolute hydration free energy scale for alkali and halide ions established from simulations with a polarizable force field},
journal = JPCB,
volume = {110},
pages = {3308-3322},
year = {2006}
}

@article{JIAN2011,
  author={Wei Jiang and David Hardy and James Phillips and Alex MacKerell and Klaus Schulten and Benoit Roux},
  title={High-performance scalable molecular dynamics simulations of a polarizable force field based on classical {Drude} oscillators in {NAMD}},
  journal=JPCL,
  volume={2},
  pages={87-92},
  year={2011},
  tbreference={547},
  tbstatus={Published.},
  annote={}
}

@article{POND2010,
    author={Jay W. Ponder and Chuanjie Wu and Pengyu Ren and Vijay S. Pande and John D. Chodera and Michael J. Schnieders and Imran Haque and David L. Mobley 
and Daniel S. Lambrecht and Robert A. DiStasio and Martin Head-Gordon and Gary N. I. Clark and Margaret E. Johnson and Teresa Head-Gordon},
    title={Current Status of the {AMOEBA} Polarizable Force Field},
    journal=JPCB,
    year={2010},
    pages={2549--2564},
    volume={114}
}


@article{VANO2012A,
  author={Kenno Vanommeslaeghe and Alexander D. {MacKerell, Jr.}},
  journal=JCIM,
  volume=52,
  year=2012,
  pages={3144--3154},
  title={Automation of the {CHARMM} {G}eneral {F}orce {F}ield {(CGenFF)}: {B}ond perception and atom typing}
}

@article{VANO2012B,
  author={Kenno Vanommeslaeghe and E. Prabhu Raman and Alexander D. {MacKerell, Jr.}},
  journal=JCIM,
  volume=52,
  year=2012,
  pages={3155--3168},
  title={Automation of the {CHARMM} {G}eneral {F}orce {F}ield {(CGenFF)}: Assignment of bonded parameters and partial atomic charges}
}


@article{Torrie1977,
          author={G. M. Torrie and J. P. Valleau},
          title={Nonphysical sampling distributions in {M}onte {C}arlo
            free-energy estimation: {U}mbrella Sampling},
          journal=JCMP,
          volume=23,
          year=1977,
          pages={187--199}
          }


@article{Roux1995,
          author={B. Roux},
          title={The calculation of the potential of mean force using
            computer simulations},
          journal=CPC,
          volume={91},
          year=1995,
          pages={275--282}
          }

% Ahmed2013
@article{Ahmed2013,
author = {A. Ahmed and S. I. Sandler },
title = {Hydration Free Energies of Multifunctional Nitroaromatic Compounds},
volume = {9},
pages = {2774--2785},
year = {2013},
journal = JCTC   
}
 
  @article{Artursson2001,
  author = {P. Artursson and K. Palm and K. Luthman},
  title = {Ca{C}o-2 monolayers in experimental and theoretical predictions of drug transport},
  journal = {Adv. Drug Deliv. Rev.},
  volume = {46},
  pages = {27--43},
  year = {2001}
 } 

  @article{Bassolino1993,
  author = {D. Bassolino-Klimas and H. E. Alper and T. R. Stouch},
  title = {Solute diffusion in lipid bilayer membranes: an atomic level study by molecular dynamics simulation},
  journal = BCH,
  volume = {32},
  pages = {12624--12637},
  year = {1993}
 } 

  @article{Breemen2005,
  author = {R. B. van Breemen and Y. Li},
  title = {{C}a{C}o-2 cell permeability assays to measure drug absorption},
  journal = {Expert Opin. Drug Metab. Toxicol.},
  volume = {1},
  pages = {175--185},
  year = {2005}
 } 
 
 
 @article{Avdeef2001,
 author = {A. Avdeef and M. Strafford and E. Block and M. Balogh and W. Chambliss and I. Khan},
 title = {Drug absorption \textit{in vitro} model: filter-immobilized artificial membranes. {S}tudies of the permeability properties of lactones in \textit{{P}iper methysticum} Forst.},
 journal = {Eur. J. Pharm. Sci.},
 volume = {14},
 pages = {271--280},
 year = {2001}
}

% Avdeef2005
@article{Avdeef2005,
 author = {A. Avdeef and P. Artursson and S. Neuhof and L. Lazorovab and J. Gr\r{a}sj\"{o} and S. Tavelin},
 title = {{C}a{C}o-2 permeability of weakly basic drugs predicted with the Double-Sink {PAMPA} pK$^{flux}_{a}$ method},
 journal = {Eur. J. Pharm. Sci.},
 volume = {24},
 pages = {333--349},
 year = {2005}
}

% Avdeef2006
@article{Avdeef2006,
	author = {A. Avdeef and O. Tsinman},
	title = {{PAMPA}-- a drug absorption \textit{in vitro} model 13. {C}hemical selectivity due to membrane hydrogen bonding: in combo comparisons of {HDM}-, {DOPC}-, and {DS}-{PAMPA} models},
	journal = {Eur.\ J.\ Pharm.\ Sci.},
	volume = {28},
	pages = {43--50},
	year = {2006}
}

% Avdeef2012
@book{Avdeef2012,
	author = {A. Avdeef},
	title = {Absorption and Drug Development: Solubility, Permeability, and Charge State},
	publisher = {Wiley, John \& Sons},
	year = {2012}
}

% Baker2010
@article{Baker2010,
  author={Christopher M. Baker and Pedro E. M. Lopes and Xiao Zhu and Beno\^{\i}t Roux and Alexander D. {Mackerell, Jr.}},
  journal=JCTC,
  volume=6,
  year=2010,
  pages={1181--1198},
  title={Accurate calculation of hydration free energies using pair--specific {L}ennard--{J}ones parameters in the {CHARMM} {D}rude polarizable force field}
}

% Bean1968
@article{Bean1968,
	author = {R. C. Bean and W. C. Shepherd and H. Chan},
	title = {Permeability of lipid bilayer membranes to organic solutes},
	journal = JGP,
	volume = {52},
	pages = {495--508},
	year = {1968}
}

% Bemporad2004
   @article{Bemporad2004,
  author = {D. Bemporad and J. Essex and C. Luttmann},
  title = {Permeation of Small Molecules through a Lipid Bilayer: A Computer Simulation Study},
  journal = JPCB,
  volume = {108},
  pages = {4875--4884},
  year = {2004}
 }


% Best2012
@Article{Best2012,
   author = {R. B. Best and X. Zhu and J. Shim and P. E. Lopes and J. Mittal and M. Feig and {MacKerell Jr.}, A. D.},
   title = {Optimization of the additive {CHARMM} all-atom protein force field targeting improved sampling of the backbone $\phi$,
$\psi$ and side-chain $\chi_1$ and $\chi_2$ dihedral angles},
   journal =JCTC,
   year = {2012},
   volume = {8},
   pages = {3257--3273}
}

% Bermejo2004
@article{Bermejo2004,
	author = {M. Bermejo and A. Avdeef and R Nalda and J. A. Ruell and O. Tsinman and V. Merino},
	title = {{PAMPA} -- a drug absorption \textit{in vitro} model: {C}omparing rat \textit{in situ}, {C}a{C}o-2, and {PAMPA} permeability of fluoroquinolones},
	journal = {Eur.\ J.\ Pharm.\ Sci.},
	volume = {21},
	pages = {429--441},
	year = {2004}
}

% Calderon1995
@article{Calderon1995,
	author = {R. O. Calderon and B. Attema and G. H. DeVries},
	title = {Lipid composition of neuronal cell bodies and neurites from cultured dorsal root ganglia},
	journal = JNC,
	volume = {64},
	pages = {424--429},
	year = {1995}
}

% Cardenas2012
@article{Cardenas2012,
	author = {A. E. Cardenas and G. S. Jas and K. Y. DeLeon and W. A. Hegefeld and K. Kuczera and R. Elber},
	title = {Unassisted Transport of \textit{{N}}-{A}cetyl-{L}-tryptophanamide through Membrane: Experiment and Simulation of Kinetics},
	journal = JPCB,
	volume = {116},
	year = {2012},
	pages = {2739--2750}
}

%% CHARMM

@ARTICLE{MACK98A,
  author = {MacKerell Jr., A. D. and Bashford, D. and Bellott, M. and Dunbrack
        Jr., R. L. and Evanseck, J. D. and Field, M. J. and Fischer, S. and
        Gao, J. and Guo, H. and Ha, S. and Joseph--McCarthy, D. and Kuchnir,
        L. and Kuczera, K. and Lau, F. T. K. and Mattos, C. and Michnick,
        S. and Ngo, T. and Nguyen, D. T. and Prodhom, B. and Reiher III,
        W. E. and Roux, B. and Schlenkrich, M. and Smith, J. C. and Stote,
        R. and Straub, J. and Watanabe, M. and Wi\'orkiewicz--Kuczera, J.
        and Yin, D. and Karplus, M.},   
  title = {All--atom empirical potential for molecular modeling and dynamics
        studies of proteins},
  journal = JPCB,
  year = {1998},
  volume = {102},
  pages = {3586-3616},
  comment = {MD}
}

@Article{MACK2004B,
author={{MacKerell Jr.}, A. D. and M. Feig and C. L. {Brooks {III}}},
title= {Extending the treatment of backbone energetics in protein force
fields: {L}imitations of gas-phase quantum mechanics in reproducing protein conformational distributions in molecular dynamics simulations},
journal=JCC,
year={2004},
volume=25,
pages={1400--1415}
}    

% Chen2008
@ARTICLE{Chen2008,
  author = {X. Chen and A. Murawski and K. Patel and C. L. Crespi and P. V. Balimane},
  title = {A novel design of artificial membrane for improving the {PAMPA} model},
  journal = {Pharm. Res.},
  year = {2008},
  volume = {25},
  pages = {1511--1520}
  }
  
@BOOK{Chipot2007,
  title = {Free energy calculations. {T}heory and applications in chemistry and biology},
  publisher = {Springer Verlag},
  year = {2007},
  editor = {C. Chipot and A. Pohorille},
}


@ARTICLE{Comer2013,
  author = {J. Comer and C. Chipot and F. D. Gonz{\'a}lez-Nilo},
  title = {Calculating position-dependent diffusivity in biased molecular dynamics
	simulations},
  journal = {J. Chem. Theor. Comput.},
  year = {2013},
  volume = {9},
  pages = {876-882},
  owner = {chipot},
  timestamp = {2013.01.19}
}

% Darve2001
@ARTICLE{Darve2001,
  author = {Darve, E. and Pohorille, A.},
  title = {Calculating free energies using average force},
  journal = JCP,
  year = {2001},
  volume = {115},
  pages = {9169-9183}
}

% Faller2008
@article{Faller2008,
	author = {B. Faller},
	title = {Artificial membrane assays to assess permeability},
	journal = {Curr.\ Drug\ Metab.},
	volume = {9},
	pages = {886--892},
	year = {2008}
}


@article{Finkelstein1976,
	author = {A. Finkelstein},
	title = {Water and nonelectrolyte permeability of lipid bilayer membranes},
	journal =JGP,
	volume = {68},
	pages = {127--135},
	year = {1976}
}



@ARTICLE{Gumbart2013A,
  author = {J. C. Gumbart and B. Roux and C. Chipot},
  title = {Standard binding free energies from computer simulations: {W}hat is the best strategy?},
  journal = JCTC,
  year = {2013},
  volume = {9},
  pages = {794-802},
}

@Article{Sugita2000,
   author = {Y. Sugita and A. Kitao and Y. Okamoto},
   title = {Multidimensional replica-exchange method for free-energy calculations},
   journal = JCP,
   year = 2000,
   volume = 113,
   pages = {6042--6051}
} 

@ARTICLE{Gumbart2013B,
  author = {J. C. Gumbart and B. Roux and C. Chipot},
  title = {Efficient determination of protein-protein standard binding free energies from first principles},
  journal = JCTC,
  year = {2013},
  volume = {9},
  pages = {3789--3798},
}

@ARTICLE{Henin2004,
  author = {J. H\'enin and C. Chipot},
  title = {Overcoming free energy barriers using unconstrained molecular dynamics simulations},
  journal = {J. Chem. Phys.},
  year = {2004},
  volume = {121},
  pages = {2904-2914}
}

@ARTICLE{Henin2010,
  author = {J. H{\'e}nin and G. Forin and C. Chipot and M. L. Klein},
  title = {Exploring multidimensional free energy landscapes using time-dependent
	biases on collective variables},
  journal = {J. Chem. Theor. Comput.},
  year = {2010},
  volume = {6},
  pages = {35-47},
  owner = {C.Chipot},
  timestamp = {2008.09.10}
}

% Hill1999
  @article{Hill1999,
   author = {Warren G. Hill and Rickey L. Rivers and Mark L. Zeidel},
   title = {Role of leaflet asymmetry in the permeability of model biological membranes to protons, solutes, and gases},
   journal = JGP,
   volume = {114},
   number = {3},
   pages = {405--414},
   year = {1999}
  }

  
% Humphrey1996
%Humphrey, William, Andrew Dalke, and Klaus Schulten. "VMD: visual molecular dynamics." Journal of molecular graphics 14, no. 1 (1996): 33-38.
@article{Humphrey1996,
	author = {W. Humphrey and A. Dalke and K. Schulten},
	title = {{VMD}: visual molecular dynamics},
	journal = JMG,
	volume = {14},
	pages = {33--38},
	year = {1996}
}

% Itel2012
@article{Itel2012,
	author = {F. Itel and S. Al-Samir and F. \"{O}berg and M. Chami and M. Kumar and C. T. Supuran and P. M. T. Deen},
	title = {{CO}2 permeability of cell membranes is regulated by membrane cholesterol and protein gas channels},
	journal = FASEB,
	volume = {26},
	number = {12},
	pages = {5182--5191},
	year = {2012}
}

% Jay1975
@article{Jay1975,
  author={A. W. L. Jay and S. Rowlands},
  title={The stages of osmotic haemolysis},
  journal=JP,
  year=1975,
  volume=252,
  pages={817--832}
} 

% Jiang2013
@article{Jiang2014,
  author={W. Jiang and J. Phillips and L. Huang and M. Fajer and Y. Meng and J. C. Gumbart and Y. Luo and K. Schulten and B. Roux},
  title={Generalized Scalable Multiple Copy Algorithms for Molecular Dynamics Simulations in {NAMD}},
  journal={Computer Phys. Comm.},
  year={2014},
  volume=185,
  pages={908--916}
} 

@article{Hazel2014,
  author = {A. Hazel and C. Chipot and J. C. Gumbart},
  title = {Thermodynamics of deca-alanine folding in water},
  year = 2014,
  journal=JCTC,
  pages = {2836--2844},
  volume = {10}
}


@article{Comer2014A,
  author = {J. Comer and K. Schulten and C. Chipot},
  title = {Calculation of lipid-bilayer permeabilities using an average force},
  year = 2014,
  journal=JCTC,
  pages = {554--564},
  volume = {10}
}

@article{Comer2014B,
  author = {J. Comer and K. Schulten and C. Chipot},
  title = {Diffusive models of membrane permeation with explicit orientational freedom},
  year = 2014,
  journal=JCTC,
  pages = {2710--2718},
  volume = {10}
}

% Jorgensen1983
@article{Jorgensen1983,
  author={W. L. Jorgensen and J. Chandrasekhar and J. D. Madura and R. W. Impey and M. L.  Klein},
  title={Comparison of Simple Potential Functions for Simulating Liquid Water},
  journal=JCP,
  year=1983,
  volume=79,
  pages={926--935}
} 


@ARTICLE{Kansy1998,
  author = {M. Kansy and F. Senner and K. Gubernator},
  title = {Physicochemical high throughput screening: parallel artificial membrane
	permeation assay in the description of passive absorption processes},
  journal = {J. Med. Chem.},
  year = {1998},
  volume = {41},
  pages = {1007-1010}
}

  @article{Kalyanaraman2007,
   author = {C. Kalyanaraman and M. P. Jacobson},
   title = {An atomistic model of passive membrane permeability: application to a series of {FDA} approved drugs},
   journal = {J. Comput. Aided Mol. Des.},
   volume = {21},
   pages = {675--679},
   year = {2007}
  }


% Klauda2010
@article{Klauda2010,
  author={J. B. Klauda and R. M. Venable and J. A. Freites and J. W. O'Connor and D. J. Tobias and C. Mondragon-Ramirez and I. Vorobyov and A. D. {MacKerell 
Jr.} and R. W. Pastor},
  title={Update of the {CHARMM} all-atom additive force field for lipids: validation on six lipid types},
  year=2010,
  journal=JPCB,
  volume=114,
  pages={7830--7843}
}


@ARTICLE{Leung2012,
  author = {S. S. F. Leung and J. Mijalkovic and K. Borrelli and M. P. Jacobson},
  title = {Testing physical models of passive membrane permeation},
  journal = JCIM,
  year = {2012},
  volume = {52},
  pages = {1621--1636}
}

  @article{Lipinski2001,
   author = {Christopher A. Lipinski and Franco Lombardo and Beryl W. Dominy and Paul J. Freeney},
   title = {Experimental and computational approaches to estimate solubility and permeability in drug discovery and development settings},
   journal = {Adv.\ Drug Delivery Rev.},
   volume = {46},
   pages = {3-26},
   year = {2001}
  }

% Marrink1994
  @article{Marrink1994,
   author = {S. J. Marrink and H. J. C. Berendsen},
   title = {Simulation of water transport through a lipid membrane},
   journal = JPC,
   volume = {98},
   pages = {4155--4168},
   year = {1994}
 }


@ARTICLE{Minoukadeh2010,
  author = {K. Minoukadeh and C. Chipot and T. Leli\`evre},
  title = {Potential of mean force calculations: A multiple-walker adaptive
	biasing force approach},
  journal = {J. Chem. Theor. Comput.},
  year = {2010},
  volume = {6},
  pages = {1008-1017},
  owner = {C.Chipot},
  timestamp = {2009.09.05}
}


  @article{Neale2011,
   author = {Chris Neale and W.F. Drew Bennett and D. Peter Tieleman and R\'{e}gis Pom\`{e}s},
   title = {Statistical convergence of equilibrium properties in simulations of molecular solutes embedded in lipid bilayers},
   journal = JCTC,
   volume = {7},
   pages = {4175--4188},
   year = {2011}
  }
  
  @article{Neale2013,
   author = {C. Neale and C. Madill and S. Rauscher and R. Pom\`{e}s},
   title = {Accelerating Convergence in Molecular Dynamics Simulations of Solutes in Lipid Membranes by Conducting a Random Walk along the Bilayer Normal},
   journal = JCTC,
   volume = {9},
   pages = {3686--3703},
   year = {2013}
  }


% Phillips2005
@article{Phillips2005,
	author = {J. C. Phillips and R. Braun and W. Wang and J. Gumbart and E. Tajkhorshid and E. Villa and C. Chipot and R. D. Skeel and L. Kale and K. Schulten},
	title = {Scalable molecular dynamics with {NAMD}},
	journal = JCC,
	volume = {26},
	number = {16},
	pages = {1781--1802},
	year = {2005}
}


% Redwood1974
@article{Redwood1974,
	author = {W. R. Redwood and E. Rall and W. Perl},
	title = {Red cell membrane permeability deduced from bulk diffusion coefficients},
	journal = JGP,
	volume = {64},
	number = {6},
	pages = {706--729},
	year = {1974}
}


% Ruell2003 http://pubs.acs.org/subscribe/archive/mdd/v06/i01/pdf/103toolbox.pdf
@article{Ruell2003,
	author = {J. Ruell},
	title = {Membrane-based drug assays},
	journal = {Modern Drug Discovery},
	pages = {28--30},
	year = {2003}
}


  @article{Silver2011,
   author = {Lynn L. Silver},
   title = {Challenges of antibacterial discovery},
   journal = {Clin.\ Microbiol.\ Rev.},
   volume = {24},
   number = {1},
   pages = {71--109},
   year = {2011}
  }

  @article{Stouch2003,
   author = {T. R. Stouch and J. R. Kenyon and S. R. Johnson and X.Q. Chen and A. Doweyko and Y. Li},
   title = {In silico {ADME} - {T}ox: why models fail},
   journal = {J. Comput. Aided Mol. Des.},
   volume = {17},
   pages = {83--92},
   year = {2003}
  }
  
  @article{Swift2011,
   author = {R. V. Swift and R. E. Amaro},
   title = {Modeling the pharmacodynamics of passive membrane permeability},
   journal = {J. Comput. Aided Mol. Des.},
   volume = {25},
   pages = {675--679},
   year = {2011}
  }

  @article{Swift2013,
   author = {R.V. Swift and R.E. Amaro},
   title = {Back to the future: Can physical models of passive membrane permeability help reduce drug candidate attrition and move us beyond {QSPR}?},
   journal = CBDD,
   volume = {81},
   pages = {61--71},
   year = {2013}
  }

  
% Vano2010
 @Article{Vano2010,
  Author={K. Vanommeslaeghe and E. Hatcher and C. Acharya and S. Kundu and
  S. Zhong and J. Shim and E. Darian and O. Guvench and  P. Lopes and I.
  Vorobyov and A. D. {MacKerell Jr.}},
  Title={{CHARMM} General Force Field: A Force Field for Drug-Like Molecules
  Compatible with the {CHARMM} All-Atom Additive Biological Force Fields},
  Year=2010,
  Journal=JCC,
  Volume=31,
  Pages={671--690},
}


% Wei2009 - JACS
@article{Wei2009,
	author = {C. Wei and A. Pohorille},
	title = {Permeation of Membranes by Ribose and Its Diastereomers},
	journal = JACS,
	volume = {131},
	pages = {10237--10245},
	year = {2009}
}

% Witold1992
@article{Subczynski1992,
	author = {W. K. Subczynski and L. E. Hopwood and J. S. Hyde},
	title = {Is the Mammalian Cell Plasma Membrane a Barrier to Oxygen Transport? },
	journal = JGP,
	volume = {100},
	pages = {69--87},
	year = {1992}
}

@article{Wolosin1975,
	author = {J. M. Wolosin and H. Ginsburg},
	title = {The permeation of organic acids through lecithin bilayers: resemblance to diffusion in polymers},
	journal = BBA,
	volume = {389},
	pages = {20--33},
	year = {1975}
}
 

